@unpublished{Kelelahan2013,
    title = {{1 , 2 , 2 1.}},
    year = {2013},
    author = {Kelelahan, Dengan and Bagian, Pekerja and Pt, Weaving},
    number = {April},
    volume = {2}
}

@article{Schmidt1993,
    title = {{A Definition of Mass in Newton-Lagrange Mechanics}},
    year = {1993},
    journal = {Philosophia naturalis},
    author = {Schmidt, Heinz-JÃ¼rgen},
    pages = {189--207},
    volume = {30},
    url = {https://docuserve.library.caltech.edu/illiad/illiad.dll?Action=10&Form=75&Value=462448}
}

@article{Dotov2010,
    title = {{A demonstration of the transition from ready-to-hand to unready-to-hand}},
    year = {2010},
    journal = {PLoS ONE},
    author = {Dotov, Dobromir G and Nie, Lin and Chemero, Anthony},
    number = {3},
    volume = {5},
    url = {http://journals.plos.org/plosone/article/file?id=10.1371/journal.pone.0009433&type=printable},
    isbn = {1932-6203},
    doi = {10.1371/journal.pone.0009433},
    issn = {19326203},
    pmid = {20231883}
}

@article{Schoner1988,
    title = {{A Dynamic Pattern Theory of Behavioral Change}},
    year = {1988},
    journal = {J. theor. Biol},
    author = {Schoner, G and Kelso, J A S},
    pages = {501--524},
    volume = {135},
    url = {https://ac.els-cdn.com/S002251938880273X/1-s2.0-S002251938880273X-main.pdf?_tid=2ae7d55f-8c2e-4662-95bd-d3ac1c2d1a35&acdnat=1529868637_ebe36fe55a4f58af9b37de19f0ae21de}
}

@article{Press2013a,
    title = {{A ff ordances Explained}},
    year = {2013},
    author = {Press, Chicago},
    number = {5},
    pages = {949--961},
    volume = {70}
}

@article{Friston2006,
    title = {{A free energy principle for the brain}},
    year = {2006},
    journal = {Journal of Physiology Paris},
    author = {Friston, Karl and Kilner, James and Harrison, Lee},
    number = {1-3},
    pages = {70--87},
    volume = {100},
    url = {https://ac-els-cdn-com.clsproxy.library.caltech.edu/S092842570600060X/1-s2.0-S092842570600060X-main.pdf?_tid=6b969e08-e54c-11e7-924e-00000aab0f02&acdnat=1513750384_63c1dece432efcf2c38acb92dff04f93},
    isbn = {0928-4257},
    doi = {10.1016/j.jphysparis.2006.10.001},
    issn = {09284257},
    pmid = {17097864},
    arxivId = {arXiv:1401.4122v2},
    keywords = {Action, Attention, Free energy, Hierarchical, Inference, Learning, Perception, Selection, Variational Bayes}
}

@article{Eddington1921,
    title = {{A Generalisation of Weyl's Theory of the Electromagnetic and Gravitational Fields}},
    year = {1921},
    journal = {Proceedings of the Royal Society of London. Series A, Containing Papers of a Mathematical and Physical Character (1905-1934)},
    author = {Eddington, A.S.},
    number = {697},
    pages = {104--122},
    volume = {99},
    url = {http://rspa.royalsocietypublishing.org.clsproxy.library.caltech.edu/content/royprsa/99/697/104.full.pdf http://dx.doi.org/10.1098/rspa.1921.0027}
}

@incollection{LinsSchoener2014,
    title = {{A Neural Approach to Cognition Based on Dynamic Field Theory}},
    year = {2014},
    booktitle = {Neural Fields, Theory and Applications},
    author = {Lins, Jonas and Schoener, Gregor},
    editor = {Coombes, Stephen and Graben, Peter beim and Wright, James and Potthast, Roland},
    chapter = {12},
    pages = {319--339},
    publisher = {Springer}
}

@article{VanEmmerik2004,
    title = {{A nonlinear dynamics approach to human movement}},
    year = {2004},
    journal = {Journal of Applied Biomechanics},
    author = {van Emmerik, Richard E A and Rosenstein, Michael T and McDermott, William J. and Hamill, Joseph},
    number = {4},
    pages = {396--420},
    volume = {20},
    issn = {10658483},
    pmid = {1552},
    keywords = {Coordination, Locomotion, Pattern change, Stability}
}

@article{Mansell2015,
    title = {{A perceptual control revolution?}},
    year = {2015},
    journal = {Psychologist},
    author = {Mansell, Warren and Carey, Timothy A.},
    number = {11},
    pages = {896--899},
    volume = {28},
    issn = {09528229}
}

@article{Swanson2017,
    title = {{A philosopher's guide to the foundations of quantum field theory}},
    year = {2017},
    journal = {Philosophy Compass},
    author = {Swanson, Noel},
    volume = {12},
    url = {https://doi.org/10.1111/phc3.12414},
    doi = {10.1111/phc3.12414}
}

@misc{Iberall1995,
    title = {{A Physical (Homeokinetic) Foundation for the Gibsonian Theory of Perception and Action}},
    year = {1995},
    booktitle = {Ecological Psychology},
    author = {Iberall, Arthur S.},
    number = {1},
    pages = {37--68},
    volume = {7},
    isbn = {1040-7413},
    doi = {10.1207/s15326969eco0701{\_}3},
    issn = {15326969}
}

@article{Bogacz2017,
    title = {{A tutorial on the free-energy framework for modelling perception and learning}},
    year = {2017},
    journal = {Journal of Mathematical Psychology},
    author = {Bogacz, Rafal},
    pages = {198--211},
    volume = {76},
    url = {https://docuserve.library.caltech.edu/illiad/illiad.dll?Action=10&Form=75&Value=462824},
    isbn = {0022-2496},
    doi = {10.1016/j.jmp.2015.11.003},
    issn = {10960880},
    pmid = {28298703}
}

@article{Goranson2013,
    title = {{A two-sorted logic for structurally modeling systems}},
    year = {2013},
    journal = {Progress in Biophysics and Molecular Biology},
    author = {Goranson, Ted and Cardier, Beth},
    pages = {141--178},
    volume = {113},
    url = {https://ac.els-cdn.com/S0079610713000291/1-s2.0-S0079610713000291-main.pdf?_tid=bb3b7a6c-e9f8-4dc8-af9e-c95ef8586c21&acdnat=1522365663_b5c1c7c24624fc9155d1622a10aa1a83},
    doi = {10.1016/j.pbiomolbio.2013.03.015},
    keywords = {Causality/causes, Context modeling, Modeling unknowns, Multilevel emergence, Narrative/story, Situation theory}
}

@article{Friston2010a,
    title = {{Action and behavior: A free-energy formulation}},
    year = {2010},
    journal = {Biological Cybernetics},
    author = {Friston, Karl and Daunizeau, Jean and Kilner, James and Kiebel, Stefan J},
    number = {3},
    pages = {227--260},
    volume = {102},
    url = {https://link-springer-com.clsproxy.library.caltech.edu/content/pdf/10.1007%2Fs00422-010-0364-z.pdf},
    isbn = {1432-0770 (Electronic){\textbackslash}n0340-1200 (Linking)},
    doi = {10.1007/s00422-010-0364-z},
    issn = {03401200},
    pmid = {20148260},
    keywords = {Bayesian, Computational, Control, Hierarchical, Motor, Priors}
}

@article{Pezzulo2013,
    title = {{Action simulation in the human brain: Twelve questions}},
    year = {2013},
    journal = {New Ideas in Psychology},
    author = {Pezzulo, Giovanni and Candidi, Matteo and Dindo, Haris and Barca, Laura},
    number = {3},
    pages = {270--290},
    volume = {31},
    publisher = {Elsevier Ltd},
    url = {http://dx.doi.org/10.1016/j.newideapsych.2013.01.004},
    isbn = {0732118X},
    doi = {10.1016/j.newideapsych.2013.01.004},
    issn = {0732118X},
    keywords = {Action simulation, Action understanding, Forward model, Internal model, Motor control}
}

@article{Pezzulo2013a,
    title = {{Action simulation in the human brain: Twelve questions}},
    year = {2013},
    journal = {New Ideas in Psychology},
    author = {Pezzulo, Giovanni and Candidi, Matteo and Dindo, Haris and Barca, Laura},
    number = {3},
    pages = {270--290},
    volume = {31},
    publisher = {Elsevier Ltd},
    url = {http://dx.doi.org/10.1016/j.newideapsych.2013.01.004},
    isbn = {0732118X},
    doi = {10.1016/j.newideapsych.2013.01.004},
    issn = {0732118X},
    keywords = {Action simulation, Action understanding, Forward model, Internal model, Motor control}
}

@article{Fajen2007,
    title = {{Affordance-based control of visually guided action}},
    year = {2007},
    journal = {Ecological Psychology},
    author = {Fajen, Brett R.},
    number = {4},
    pages = {383--410},
    volume = {19},
    isbn = {1040-7413},
    doi = {10.1080/10407410701557877},
    issn = {10407413}
}

@misc{Turvey1992a,
    title = {{Affordances and Prospective Control: An Outline of the Ontology}},
    year = {1992},
    booktitle = {Ecological Psychology},
    author = {Turvey, Michael T},
    number = {3},
    pages = {173--187},
    volume = {4},
    isbn = {1040-7413},
    doi = {10.1207/s15326969eco0403{\_}3},
    issn = {15326969},
    pmid = {615}
}

@article{Stoffregen2003,
    title = {{Affordances as Properties of the Animal-Environment System}},
    year = {2003},
    journal = {Ecological Psychology},
    author = {Stoffregen, Thomas A},
    number = {2},
    pages = {115--134},
    volume = {15},
    isbn = {10407413},
    doi = {10.1207/S15326969ECO1502{\_}2},
    issn = {10407413},
    pmid = {1489}
}

@article{Press2013,
    title = {{Affordances Explained}},
    year = {2013},
    journal = {Philosophy of Science},
    author = {Press, Chicago},
    number = {5},
    pages = {949--961},
    volume = {70}
}

@article{Michaels2003,
    title = {{Affordances: Four Points of Debate}},
    year = {2003},
    journal = {Ecological Psychology},
    author = {Michaels, Claire F.},
    number = {2},
    pages = {135--148},
    volume = {15},
    isbn = {0804706581},
    doi = {10.1207/S15326969ECO1502{\_}3},
    issn = {10407413},
    pmid = {1488}
}

@article{Ullman1980,
    title = {{Against direct pereption}},
    year = {1980},
    journal = {Behavioral and Brain Sciences},
    author = {Ullman, S},
    pages = {373--381},
    volume = {3},
    url = {https://docuserve.library.caltech.edu/illiad/illiad.dll?Action=10&Form=75&Value=474198}
}

@book{Maggini2016,
    title = {{AI*IA 2016 Advances in Artificial Intelligence}},
    year = {2016},
    booktitle = {Proc. AI*IA 2016 Advances in Artificial Intelligence},
    author = {Maggini, Marco and Rossi, Alessandro},
    pages = {321--333},
    volume = {10037},
    publisher = {Springer},
    url = {https://link-springer-com.clsproxy.library.caltech.edu/content/pdf/10.1007%2F978-3-319-49130-1_24.pdf http://link.springer.com/10.1007/978-3-319-49130-1},
    isbn = {978-3-319-49129-5},
    doi = {10.1007/978-3-319-49130-1}
}

@article{Shaw1974a,
    title = {{Algoristic foundations to cognitive psychology}},
    year = {1974},
    journal = {Cognition and the symbolic processes},
    author = {Shaw, Robert E and Mclntyre, Michael},
    pages = {305--362}
}

@article{Burgin2017,
    title = {{An Introduction to Symmetric In fl ated Probabilities}},
    year = {2017},
    author = {Burgin, Mark},
    number = {1942},
    pages = {206--223},
    isbn = {9783319522890},
    doi = {10.1007/978-3-319-52289-0},
    keywords = {ation, axiom {\'{a}} additivity {\'{a}}, frequency {\'{a}} in fl, negative probability {\'{a}} antiparticle}
}

@article{Brynjolfsson2017,
    title = {{Artificial Intelligence , for Real}},
    year = {2017},
    author = {Brynjolfsson, B Y Erik and Mcafee, Andrew}
}

@article{Itti2009,
    title = {{Bayesian surprise attracts human attention}},
    year = {2009},
    journal = {Vision Research},
    author = {Itti, Laurent and Baldi, Pierre},
    number = {10},
    pages = {1295--1306},
    volume = {49},
    url = {https://ac-els-cdn-com.clsproxy.library.caltech.edu/S0042698908004380/1-s2.0-S0042698908004380-main.pdf?_tid=17b60b98-e993-11e7-aaf7-00000aab0f02&acdnat=1514220542_aa9fe3fd27497b9c2cc3c71e0a9f741c},
    isbn = {1878-5646 (Electronic){\textbackslash}r1878-5646 (Linking)},
    doi = {10.1016/j.visres.2008.09.007},
    issn = {00426989},
    pmid = {18834898},
    arxivId = {NIHMS150003},
    keywords = {Attention, Bayes theorem, Eye movements, Free viewing, Information theory, Natural vision, Novelty, Saliency, Surprise}
}

@article{Butterfield2004,
    title = {{Between Laws and Models: Some Philosophical Morals of Lagrangian Mechanics}},
    year = {2004},
    author = {Butterfield, Jeremy},
    pages = {106},
    url = {http://philsci-archive.pitt.edu/1937/1/BetLMLag.pdf http://arxiv.org/abs/physics/0409030},
    arxivId = {physics/0409030}
}

@article{Hendry1981,
    title = {{Bohr-Kramers-Slater: A Virtual Theory of Virtual Oscillators and Its Role in the History of Quantum Mechanics}},
    year = {1981},
    journal = {Centaurus},
    author = {Hendry, John},
    number = {2},
    pages = {189--221},
    volume = {25},
    url = {https://docuserve.library.caltech.edu/illiad/illiad.dll?Action=10&Form=75&Value=472826},
    doi = {10.1111/j.1600-0498.1981.tb00644.x},
    issn = {16000498}
}

@article{Goldstone1962,
    title = {{Broken symmetries}},
    year = {1962},
    journal = {Physical Review},
    author = {Goldstone, Jeffrey and Salam, Abdus and Weinberg, Steven},
    number = {3},
    pages = {965--970},
    volume = {127},
    isbn = {0010-7514},
    doi = {10.1103/PhysRev.127.965},
    issn = {0031899X},
    pmid = {20382998}
}

@article{Lake2016,
    title = {{Building Machines That Learn and Think Like People}},
    year = {2016},
    author = {Lake, Brenden M. and Ullman, Tomer D. and Tenenbaum, Joshua B. and Gershman, Samuel J.},
    pages = {1--58},
    url = {http://arxiv.org/abs/1604.00289},
    isbn = {9781577357384},
    doi = {10.1017/S0140525X16001837},
    issn = {0140-525X},
    pmid = {1000303116},
    arxivId = {1604.00289}
}

@article{Salmon2003,
    title = {{Causal Explanations of Behavior*}},
    year = {2003},
    journal = {Philosophy of Science},
    author = {Salmon, Merrilee H},
    number = {4},
    pages = {720--738},
    volume = {70},
    url = {http://www.jstor.org/stable/10.1086/378861},
    isbn = {00318248, 1539767X},
    doi = {10.1086/378861},
    issn = {0031-8248}
}

@article{Wheeler1949,
    title = {{Classical electrodynamics in terms of direct interparticle action}},
    year = {1949},
    journal = {Reviews of Modern Physics},
    author = {Wheeler, John A. and Feynman, Richard P.},
    number = {3},
    pages = {425--433},
    volume = {21},
    url = {https://journals-aps-org.clsproxy.library.caltech.edu/rmp/pdf/10.1103/RevModPhys.21.425},
    doi = {10.1103/RevModPhys.21.425},
    issn = {00346861}
}

@misc{Firestone2016,
    title = {{Cognition does not affect perception: Evaluating the evidence for "top-down" effects}},
    year = {2016},
    booktitle = {Behavioral and Brain Sciences},
    author = {Firestone, Chaz and Scholl, Brian J},
    pages = {1--77},
    url = {https://www-cambridge-org.clsproxy.library.caltech.edu/core/services/aop-cambridge-core/content/view/920E2AE74C642DD3CB3FA8160EA1D84A/S0140525X15000965a.pdf/cognition_does_not_affect_perception_evaluating_the_evidence_for_topdown_effects.pdf},
    isbn = {1469-1825},
    doi = {10.1017/S0140525X15000965},
    issn = {14691825},
    pmid = {26189677}
}

@article{Pylyshyn1980,
    title = {{Computation and cognition: issues in the foundations of cognitive science}},
    year = {1980},
    journal = {Behavioral and Brain Sciences},
    author = {Pylyshyn, Zenon W},
    pages = {111--169},
    volume = {3}
}

@book{Schneider2013,
    title = {{Computer Algebra in Quantum Field Theory: Integration, Summation and Special Functions}},
    year = {2013},
    author = {Schneider, Carsten and Bluemlein, Johannes},
    editor = {Schneider, Carsten and Bl{\"{u}}mlein, Johannes},
    publisher = {Springer},
    url = {https://link-springer-com.clsproxy.library.caltech.edu/content/pdf/10.1007%2F978-3-7091-1616-6.pdf},
    isbn = {9783709116159}
}

@article{Werner2013,
    title = {{Consciousness viewed in the framework of brain phase space dynamics, criticality, and the Renormalization Group}},
    year = {2013},
    journal = {Chaos, Solitons and Fractals},
    author = {Werner, Gerhard},
    pages = {3--12},
    volume = {55},
    isbn = {0960-0779},
    doi = {10.1016/j.chaos.2012.03.014},
    issn = {09600779},
    arxivId = {1103.2366}
}

@article{Marsh2006,
    title = {{Contrasting approaches to perceiving and acting with others}},
    year = {2006},
    journal = {Ecological Psychology},
    author = {Marsh, Kerry L. and Richardson, Michael J. and Baron, Reuben M. and Schmidt, R. C.},
    number = {1},
    pages = {1--38},
    volume = {18},
    isbn = {1040-7413},
    doi = {10.1207/s15326969eco1801{\_}1},
    issn = {10407413}
}

@article{Coey2012,
    title = {{Coordination dynamics in a socially situated nervous system}},
    year = {2012},
    journal = {Frontiers in Human Neuroscience},
    author = {Coey, Charles A. and Varlet, Manuel and Richardson, Michael J.},
    number = {June},
    pages = {1--12},
    volume = {6},
    url = {http://journal.frontiersin.org/article/10.3389/fnhum.2012.00164/abstract},
    isbn = {1662-5161},
    doi = {10.3389/fnhum.2012.00164},
    issn = {1662-5161},
    pmid = {22701413},
    keywords = {dynamics, embodiment, joint action, neuroscience, neuroscience, joint action, dynamics, embodiment,, rhythmic coordination}
}

@article{Guclu2015,
    title = {{Deep Neural Networks Reveal a Gradient in the Complexity of Neural Representations across the Ventral Stream}},
    year = {2015},
    journal = {Journal of Neuroscience},
    author = {Guclu, U. and van Gerven, M. A. J.},
    number = {27},
    pages = {10005--10014},
    volume = {35},
    url = {http://www.jneurosci.org/cgi/doi/10.1523/JNEUROSCI.5023-14.2015},
    isbn = {0270-6474},
    doi = {10.1523/JNEUROSCI.5023-14.2015},
    issn = {0270-6474},
    pmid = {26157000},
    arxivId = {1411.6422},
    keywords = {deep learning, functional magnetic resonance imaging, neural coding}
}

@article{Kriegeskorte2015,
    title = {{Deep Neural Networks: A New Framework for Modeling Biological Vision and Brain Information Processing}},
    year = {2015},
    journal = {Annual Review of Vision Science},
    author = {Kriegeskorte, Nikolaus},
    number = {1},
    pages = {417--446},
    volume = {1},
    url = {http://www.annualreviews.org/doi/10.1146/annurev-vision-082114-035447},
    isbn = {2374-4642},
    doi = {10.1146/annurev-vision-082114-035447},
    issn = {2374-4642},
    keywords = {artificial intelligence, biological vision, computational neuroscience, computer vision, deep learning, neural network, object recognition}
}

@article{Horn1981,
    title = {{Determining optical flow, Artificial intelligence}},
    year = {1981},
    journal = {Artificial Intelligence},
    author = {Horn, B and Schunck, B},
    pages = {185--203},
    volume = {17},
    publisher = {Elsevier Ltd},
    url = {https://docuserve.library.caltech.edu/illiad/illiad.dll?Action=10&Form=75&Value=461750}
}

@article{Katzenbach2000,
    title = {{Dimensions of Scientific Law}},
    year = {2000},
    journal = {Philosophy of Science},
    author = {Mitchell, Sandra D},
    number = {June},
    pages = {242--265},
    volume = {67}
}

@article{Atiyah1984,
    title = {{Dirac operators coupled to vector potentials.}},
    year = {1984},
    journal = {Proceedings of the National Academy of Sciences of the United States of America},
    author = {Atiyah, M F and Singer, I M},
    number = {8},
    pages = {2597--2600},
    volume = {81},
    url = {http://www.pnas.org.clsproxy.library.caltech.edu/content/81/8/2597.full.pdf},
    doi = {10.1073/pnas.81.8.2597},
    issn = {0027-8424},
    pmid = {16593460}
}

@article{Warren1988,
    title = {{Direction of self-motion is perceived from optical flow}},
    year = {1988},
    journal = {Nature},
    author = {Warren, William H. and Hannon, Daniel J.},
    number = {November},
    pages = {162--163},
    volume = {336},
    isbn = {0028-0836},
    doi = {10.1038/336162a0},
    issn = {0028-0836},
    pmid = {1690258962537751657}
}

@article{Bower1995,
    title = {{Disruptive technologies: catching the wave}},
    year = {1995},
    journal = {Harvard Business Review},
    author = {Bower, Joseph L and Christensen, Clayton M},
    number = {2},
    pages = {155},
    volume = {28},
    url = {http://linkinghub.elsevier.com/retrieve/pii/0024630195910751},
    isbn = {00178012},
    doi = {10.1016/0024-6301(95)91075-1},
    issn = {00246301},
    pmid = {9501303527}
}

@article{Seth2007,
    title = {{Distinguishing causal interactions in neural populations.}},
    year = {2007},
    journal = {Neural computation},
    author = {Seth, Anil K. and Edelman, Gerald M.},
    number = {4},
    pages = {910--33},
    volume = {19},
    url = {http://content.ebscohost.com/ContentServer.asp?EbscoContent=dGJyMMvl7ESeqLU4zOX0OLCmr0%2Bep69Ss624TK%2BWxWXS&ContentCustomer=dGJyMPGut1Cyp7BNuePfgeyx43zx1%2B6B&T=P&P=AN&S=R&D=mdc&K=17348767 http://www.ncbi.nlm.nih.gov/pubmed/17348767},
    isbn = {neco.2007.19.4.910},
    doi = {10.1162/neco.2007.19.4.910},
    issn = {0899-7667},
    pmid = {17348767},
    keywords = {Brain, Brain: physiology, Models, Neural Networks (Computer), Neurological, Neurons, Neurons: physiology, Robotics, Robotics: instrumentation}
}

@article{Nambu1961,
    title = {{Dynamical Model of Elementary Particles Based on an Analogy with Superconductivity}},
    year = {1961},
    journal = {Physical Review},
    author = {Nambu, J and Jona-Lasinio, G.},
    pages = {345--358},
    volume = {122}
}

@article{Kaplan2011,
    title = {{Dynamical models: An alternative or complement to mechanistic explanations?}},
    year = {2011},
    journal = {Topics in Cognitive Science},
    author = {Kaplan, David M. and Bechtel, William},
    number = {2},
    pages = {438--444},
    volume = {3},
    isbn = {17568757},
    doi = {10.1111/j.1756-8765.2011.01147.x},
    issn = {17568757},
    pmid = {25164303},
    keywords = {Dynamical models, Explanation, HKB model, Mechanistic explanation, Predictivism}
}

@article{Gelfand2012,
    title = {{Dynamical systems theory in psychology: Assistance for the lay reader is required}},
    year = {2012},
    journal = {Frontiers in Psychology},
    author = {Gelfand, Lois A. and Engelhart, Sally},
    number = {OCT},
    pages = {1--3},
    volume = {3},
    isbn = {1664-1078 (Electronic)},
    doi = {10.3389/fpsyg.2012.00382},
    issn = {16641078},
    pmid = {23060844}
}

@article{Mace2005,
    title = {{Ecological Approach Perceiving What Exists}},
    year = {2005},
    journal = {Ethics and the Environment},
    author = {Mace, William M},
    number = {2},
    pages = {195--216},
    volume = {10}
}

@article{Turvey1999a,
    title = {{Ecological Foundations of Cognition I: Symmetry and Specificity of Animal-Environment Systems}},
    year = {1999},
    journal = {Journal of Conciousness Studies},
    author = {Turvey, Michael T and Shaw, Robert E},
    number = {11},
    pages = {95--110},
    volume = {6}
}

@article{Turvey1999b,
    title = {{Ecological Foundations of Cognition II: Degress of Freedom and Conserved Quantities in Animal-Environment Systems}},
    year = {1999},
    journal = {Journal of Conciousness Studies},
    author = {Turvey, Michael T and Shaw, Robert E},
    number = {11},
    pages = {111--123},
    volume = {6}
}

@article{Turvey1992,
    title = {{Ecological foundations of cognition: Invariants of perception and action}},
    year = {1992},
    journal = {Cognition},
    author = {Turvey, Michael T},
    pages = {85--117},
    url = {https://docuserve.library.caltech.edu/illiad/illiad.dll?Action=10&Form=75&Value=475326},
    isbn = {1-55798-165-5},
    doi = {10.1037/10564-004},
    issn = {1557981655}
}

@article{Turvey1981,
    title = {{Ecological laws of perceiving and acting: In reply to Fodor and Pylyshyn (1981)}},
    year = {1981},
    journal = {Cognition},
    author = {Turvey, Michael T and Shaw, Robert E and Reed, E S and Mace, W M},
    number = {3},
    pages = {237--304},
    volume = {9},
    isbn = {0010-0277},
    doi = {10.1016/0010-0277(81)90002-0},
    issn = {00100277},
    pmid = {7197604}
}

@article{Shaw1988,
    title = {{Ecological mechanics: A physical geometry for intentional constraints}},
    year = {1988},
    journal = {Human Movement Science},
    author = {Shaw, Robert E and Kinsella-Shaw, Jeffrey},
    number = {2-4},
    pages = {155--200},
    volume = {7},
    isbn = {0167-9457},
    doi = {10.1016/0167-9457(88)90011-5},
    issn = {01679457}
}

@article{Stoffregen2018,
    title = {{Ecological Physics and the Perceptual Information That Supports Motor Control}},
    year = {2018},
    journal = {Kinesiology Review},
    author = {Stoffregen, Thomas A},
    number = {1},
    pages = {73--78},
    volume = {7},
    url = {https://docuserve.library.caltech.edu/illiad/illiad.dll?Action=10&Form=75&Value=473805},
    doi = {10.1123/kr.2017-0059},
    issn = {21616035},
    keywords = {athletics, direct perception, fitness, kinesiology, motor control, movement, perception}
}

@incollection{Shaw1982,
    title = {{Ecological Psychology: The consequence of a commitment to realism}},
    year = {1982},
    booktitle = {Cognition and the symbolic processes II},
    author = {Shaw, Robert E and Turvey, Michael T and Mace, William M},
    editor = {Weimer, W and Palermo, D},
    pages = {159--226},
    publisher = {Erlbaum},
    address = {Hillsdale, NJ}
}

@incollection{Shaw82,
    title = {{Ecological psychology: The consequence of a commitment to realism}},
    year = {1982},
    booktitle = {Cognition and the symbolic processes},
    author = {Shaw, Robert E and Turvey, Michael T and Mace, William M},
    editor = {Wiemer, W and Palermo, D},
    chapter = {10},
    pages = {159--226},
    publisher = {Lawrence Earlbaum Associates},
    address = {Hillsdale, NJ}
}

@book{Wells2012,
    title = {{Effective Theories in Physics}},
    year = {2012},
    author = {Wells, James D.},
    pages = {ix-73},
    publisher = {Springer},
    url = {http://www.springer.com/series/8902 http://link.springer.com/book/10.1007/978-3-642-34892-1/%5Cnhttp://www.springer.com/physics/theoretical%2C+mathematical+%26+computational+physics/book/978-3-642-34891-4},
    isbn = {9783642348921},
    doi = {10.1007/978-3-642-34892-1},
    arxivId = {arXiv:1001.0664},
    keywords = {Effectiv field theory, Effective action, Effective theories, Naturalness and fine-tuning in theoretical physics, Phenomenology, Renormalization group, Symmetries in Physics}
}

@article{Greaves2014,
    title = {{Empirical consequences of symmetries}},
    year = {2014},
    journal = {British Journal for the Philosophy of Science},
    author = {Greaves, Hilary and Wallace, David},
    number = {1},
    pages = {59--89},
    volume = {65},
    url = {http://content.ebscohost.com/ContentServer.asp?T=P&P=AN&K=94394566&S=R&D=a9h&EbscoContent=dGJyMMTo50Sepq84wtvhOLCmr0%2Bep7FSsaa4SrKWxWXS&ContentCustomer=dGJyMPGut1Cyp7BNuePfgeyx44Dt6fIA},
    doi = {10.1093/bjps/axt005},
    issn = {00070882},
    arxivId = {1111.4309}
}

@article{Williams2008,
    title = {{Evolving Referential Communication in Embodied Dynamical Agents.}},
    year = {2008},
    journal = {Alife},
    author = {Williams, Paul L and Beer, Randall D and Gasser, Michael},
    pages = {702--709},
    volume = {XI},
    isbn = {9780262750172}
}

@article{Liu2005,
    title = {{Explaining quantum spontaneous symmetry breaking}},
    year = {2005},
    journal = {Studies in History and Philosophy of Science Part B - Studies in History and Philosophy of Modern Physics},
    author = {Liu, Chuang and Emch, GÃ©rard G},
    number = {1},
    pages = {137--163},
    volume = {36},
    url = {https://ac-els-cdn-com.clsproxy.library.caltech.edu/S1355219804000875/1-s2.0-S1355219804000875-main.pdf?_tid=0a683d58-d6c9-11e7-9c7a-00000aab0f6c&acdnat=1512154641_2b7eb4320a89c0d0b6adc3fe6b3dbf26},
    doi = {10.1016/j.shpsb.2004.12.003},
    issn = {13552198},
    keywords = {Foundations of physics, Idealization, Spontaneous symmetry breaking, Thermodynamic limit}
}

@article{Keil2002,
    title = {{Explanation and Cognition}},
    year = {2002},
    journal = {American Journal of Psychiatry},
    author = {Keil, Frank C. and Wilson, Robert A.},
    number = {3},
    pages = {502-a},
    volume = {159},
    url = {http://dx.doi.org/10.1176/appi.ajp.159.3.502-a},
    isbn = {0262112493},
    doi = {10.1176/appi.ajp.159.3.502-a},
    issn = {0002-953X},
    pmid = {25246403},
    arxivId = {arXiv:1011.1669v3}
}

@article{Schweber1986,
    title = {{Feynman and the visualization of space-time processes}},
    year = {1986},
    journal = {Reviews of Modern Physics},
    author = {Schweber, Silvan S},
    number = {2},
    pages = {449--508},
    volume = {58},
    url = {https://journals-aps-org.clsproxy.library.caltech.edu/rmp/pdf/10.1103/RevModPhys.58.449},
    isbn = {1539-0756},
    doi = {10.1103/RevModPhys.58.449},
    issn = {00346861}
}

@article{Goldstone1961,
    title = {{Field theories with Superconductor solutions}},
    year = {1961},
    journal = {Il Nuovo Cimento},
    author = {Goldstone, J.},
    number = {1},
    pages = {154--164},
    volume = {19},
    url = {http://www.hep.princeton.edu/~mcdonald/examples/EP/goldstone_nc_19_154_61.pdf},
    doi = {10.1007/BF02812722}
}

@article{Hoefer2003,
    title = {{For Fundamentalism}},
    year = {2003},
    journal = {Philosophy of Science},
    author = {Hoefer, Carl},
    number = {5},
    pages = {1401--1412},
    volume = {70},
    isbn = {0031-8248},
    doi = {10.1086/377417},
    issn = {0031-8248}
}

@article{Hoefer2003a,
    title = {{For Fundamentalism}},
    year = {2003},
    journal = {Philosophy of Science},
    author = {Hoefer, Carl},
    number = {5},
    pages = {1401--1412},
    volume = {70},
    isbn = {0031-8248},
    doi = {10.1086/377417},
    issn = {0031-8248}
}

@article{Clark2003,
    title = {{Forces, fields, and the role of knowledge in action}},
    year = {2003},
    journal = {Adaptive Behavior},
    author = {Clark, Andy},
    number = {4},
    pages = {270--272},
    volume = {11},
    url = {https://docuserve.library.caltech.edu/illiad/illiad.dll?Action=10&Form=75&Value=461007 http://adb.sagepub.com/cgi/doi/10.1177/1059712303114008},
    doi = {10.1177/1059712303114008},
    issn = {10597123}
}

@article{Clark2003a,
    title = {{Forces, fields, and the role of knowledge in action}},
    year = {2003},
    journal = {Adaptive Behavior},
    author = {Clark, Andy},
    number = {4},
    pages = {270--272},
    volume = {11},
    doi = {10.1177/1059712303114008},
    issn = {10597123}
}

@incollection{Friston2012b,
    title = {{Free energy and global dynamics}},
    year = {2012},
    booktitle = {Principles of brain dynamics: global state interactions},
    author = {Friston, Karl},
    editor = {Rabinovich, MI and Friston, KJ and Varona, P},
    chapter = {12},
    pages = {261--292},
    publisher = {MIT Press},
    url = {https://books.google.com.au/books?hl=en&lr=&id=KOWZ2sZNlWQC&oi=fnd&pg=PR5&dq=Principles+of+brain+dynamics:+global+state+interactions+.&ots=e-eOaAIu3-&sig=tJtIBxnbsR54BZ9QiMBCuwkuKaM},
    isbn = {9780262017640}
}

@book{Friston2012a,
    title = {{Free energy and global dynamics}},
    year = {2012},
    booktitle = {Principles of brain dynamics: global state interactions},
    author = {Friston, Karl},
    pages = {261--292},
    url = {https://books.google.com.au/books?hl=en&lr=&id=KOWZ2sZNlWQC&oi=fnd&pg=PR5&dq=Principles+of+brain+dynamics:+global+state+interactions+.&ots=e-eOaAIu3-&sig=tJtIBxnbsR54BZ9QiMBCuwkuKaM},
    isbn = {9780262017640}
}

@article{Friston2007,
    title = {{Free-energy and the brain}},
    year = {2007},
    journal = {Synthese},
    author = {Friston, Karl and Stephan, Klaas E},
    number = {3},
    pages = {417--458},
    volume = {159},
    url = {https://link-springer-com.clsproxy.library.caltech.edu/content/pdf/10.1007%2Fs11229-007-9237-y.pdf},
    isbn = {0039-7857 (Print)},
    doi = {10.1007/s11229-007-9237-y},
    issn = {00397857},
    pmid = {19325932},
    keywords = {Action, Attention, Free-energy, Hierarchical, Inference, Learning, Perception, Selection, Value, Variational Bayes}
}

@article{Duncan2009,
    title = {{From canonical transformations to transformation theory, 1926-1927: The road to Jordan's Neue Begr{\"{u}}ndung}},
    year = {2009},
    journal = {Studies in History and Philosophy of Science Part B - Studies in History and Philosophy of Modern Physics},
    author = {Duncan, Anthony and Janssen, Michel},
    number = {4},
    pages = {352--362},
    volume = {40},
    url = {https://ac-els-cdn-com.clsproxy.library.caltech.edu/S1355219809000367/1-s2.0-S1355219809000367-main.pdf?_tid=4a5c3736-fd55-11e7-a510-00000aab0f02&acdnat=1516393031_e913abb1500fe70792c4700bda18b581},
    isbn = {1355-2198},
    doi = {10.1016/j.shpsb.2009.07.001},
    issn = {13552198},
    keywords = {Canonical transformations, Fritz London, Pascual Jordan, Transformation theory}
}

@article{Vaa2014,
    title = {{From Gibson and Crooks to Damasio: The role of psychology in the development of driver behaviour models}},
    year = {2014},
    journal = {Transportation Research Part F: Traffic Psychology and Behaviour},
    author = {Vaa, Truls},
    number = {PART B},
    pages = {112--119},
    volume = {25},
    publisher = {Elsevier Ltd},
    url = {http://dx.doi.org/10.1016/j.trf.2014.02.004},
    doi = {10.1016/j.trf.2014.02.004},
    issn = {13698478},
    pmid = {1541060},
    keywords = {Driver behaviour, History, Models, Psychology, Risk compensation}
}

@article{McMullin1985,
    title = {{Galilean Idenalization}},
    year = {1985},
    journal = {Studies in history and philosophy of science},
    author = {McMullin, Ernan},
    number = {3},
    pages = {247--273},
    volume = {16},
    url = {https://docuserve.library.caltech.edu/illiad/illiad.dll?Action=10&Form=75&Value=462337}
}

@article{Martin2002,
    title = {{Gauge Principles, Gauge Arguments and the Logic of Nature}},
    year = {2002},
    journal = {Philosophy of Science},
    author = {Martin, Christopher A.},
    number = {S3},
    pages = {S221-S234},
    volume = {69},
    url = {http://www.journals.uchicago.edu.clsproxy.library.caltech.edu/doi/pdfplus/10.1086/341848 http://www.jstor.org/stable/10.1086/341848},
    doi = {10.1086/341848},
    issn = {0031-8248}
}

@article{Friederich2011,
    title = {{Gauge symmetry breaking in gauge theories---In search of clarification}},
    year = {2011},
    journal = {Euro Jnl Phil Sci},
    author = {Friederich, Simon},
    pages = {157--182},
    volume = {3},
    url = {https://link-springer-com.clsproxy.library.caltech.edu/content/pdf/10.1007%2Fs13194-012-0061-y.pdf http://arxiv.org/abs/1107.4664},
    doi = {10.1007/s13194-012-0061-y},
    issn = {1879-4912},
    arxivId = {1107.4664}
}

@article{Norton1993,
    title = {{General covariance and the foundations of general relativity: Eight decades of dispute}},
    year = {1993},
    journal = {Reports on Progress in Physics},
    author = {Norton, John D},
    number = {7},
    pages = {791--858},
    volume = {56},
    url = {http://iopscience.iop.org.clsproxy.library.caltech.edu/article/10.1088/0034-4885/56/7/001/pdf},
    doi = {10.1088/0034-4885/56/7/001},
    issn = {00344885},
    pmid = {73995}
}

@article{Catren2008,
    title = {{Geometric foundations of classical Yang-Mills theory}},
    year = {2008},
    journal = {Studies in History and Philosophy of Science Part B - Studies in History and Philosophy of Modern Physics},
    author = {Catren, Gabriel},
    number = {3},
    pages = {511--531},
    volume = {39},
    url = {https://ac-els-cdn-com.clsproxy.library.caltech.edu/S1355219808000166/1-s2.0-S1355219808000166-main.pdf?_tid=1eae5b5e-ee5b-11e7-948c-00000aab0f26&acdnat=1514746258_3e2b64bb2b9b9e357398b9a581434c25},
    doi = {10.1016/j.shpsb.2008.02.002},
    issn = {13552198},
    keywords = {BRST symmetry, Gauge theories, Yang-Mills theory}
}

@article{Barp2018,
    title = {{Geometry {\&}amp; Dynamics for Markov Chain Monte Carlo}},
    year = {2018},
    journal = {Annu. Rev. Stat. Appl},
    author = {Barp, Alessandro and Briol, FranÃ§ois-Xavier and Kennedy, Anthony D and Girolami, Mark},
    pages = {1--26},
    volume = {5},
    url = {https://arxiv.org/pdf/1705.02891.pdf},
    isbn = {1545-1593 (Electronic){\textbackslash}r0066-426X (Linking)},
    doi = {10.1146/((please},
    issn = {1947-5454},
    pmid = {26980309},
    arxivId = {arXiv:1705.02891v1},
    keywords = {Geometry, Hamiltonian Dynamics, Markov Chain Monte Carlo, Shadow Hamiltonians, Statistical Manifolds, Symplectic Integrators}
}

@article{Bruder2013,
    title = {{Going with the flow: Modifying self-motion perception with computer-mediated optic flow}},
    year = {2013},
    journal = {2013 IEEE International Symposium on Mixed and Augmented Reality, ISMAR 2013},
    author = {Bruder, Gerd and Wieland, Phil and Bolte, Benjamin and Lappe, Markus and Steinicke, Frank},
    pages = {67--74},
    isbn = {9781479928699},
    doi = {10.1109/ISMAR.2013.6671765},
    keywords = {H.5.1 [Information Interfaces and Presentation], Multimedia Information SystemsArtificial, augmente, Three-Dimensional Graphics and Realism-Virtual rea}
}

@unpublished{Bentov,
    title = {{Gravitational shockwaves on rotating black holes}},
    author = {Bentov, Yoni and Swearngin, Joe},
    url = {https://arxiv.org/pdf/1706.03430.pdf}
}

@article{Barsalou2008,
    title = {{Grounded Cognition}},
    year = {2008},
    journal = {Annual Review of Psychology},
    author = {Barsalou, Lawrence W},
    number = {1},
    pages = {617--645},
    volume = {59},
    url = {http://psych.annualreviews.org http://www.annualreviews.org/doi/10.1146/annurev.psych.59.103006.093639},
    isbn = {0-7695-2786-8},
    doi = {10.1146/annurev.psych.59.103006.093639},
    issn = {0066-4308},
    pmid = {17705682},
    arxivId = {1407.5757}
}

@article{DeGosson2013,
    title = {{Hamiltonian flows and the holomovement}},
    year = {2013},
    journal = {Mind and Matter},
    author = {De Gosson, Maurice A. and Hiley, Basil J.},
    number = {2},
    pages = {205--221},
    volume = {11},
    issn = {16118812}
}

@article{Gibson1994,
    title = {{Has psychology a future?}},
    year = {1994},
    journal = {Psychological Science},
    author = {Gibson, Eleanor J.},
    number = {2},
    pages = {69--76},
    volume = {5},
    isbn = {0956-7976{\textbackslash}r1467-9280},
    doi = {10.1111/j.1467-9280.1994.tb00633.x},
    issn = {14679280},
    pmid = {721}
}

@article{Frohlich1981,
    title = {{Higgs phenomenon without symmetry breaking order parameter}},
    year = {1981},
    journal = {Nuclear Physics, Section B},
    author = {Fr{\"{o}}hlich, J. and Morchio, G. and Strocchi, F.},
    number = {3},
    pages = {553--582},
    volume = {190},
    url = {https://docuserve.library.caltech.edu/illiad/illiad.dll?Action=10&Form=75&Value=460873},
    doi = {10.1016/0550-3213(81)90448-X},
    issn = {05503213}
}

@article{Fodor1981,
    title = {{How direct is visual perception?: Some reflections on Gibson's "ecological approach"}},
    year = {1981},
    journal = {Cognition},
    author = {Fodor, J. A. and Pylyshyn, Zenon W},
    number = {2},
    pages = {139--196},
    volume = {9},
    isbn = {0010-0277},
    doi = {10.1016/0010-0277(81)90009-3},
    issn = {00100277},
    pmid = {7196823}
}

@book{Auyang1995,
    title = {{How is Quantum Field Theory Possible?}},
    year = {1995},
    author = {Auyang, Sunny Y},
    publisher = {Oxford University Press},
    address = {New York}
}

@article{Orlandi2018,
    title = {{How Radical is Predictive Processing ?}},
    year = {2018},
    journal = {Andy Clark {\&} Critics},
    author = {Orlandi, Nico and Lee, Geoff},
    pages = {1--14}
}

@article{Kochan2010,
    title = {{How to quantize forces (?): An academic essay on how the strings could enter classical mechanics}},
    year = {2010},
    journal = {Journal of Geometry and Physics},
    author = {Kochan, Denis},
    number = {2},
    pages = {219--229},
    volume = {60},
    url = {https://ac-els-cdn-com.clsproxy.library.caltech.edu/S0393044009001697/1-s2.0-S0393044009001697-main.pdf?_tid=cd6bdcb6-ef69-11e7-a47f-00000aab0f01&acdnat=1514862516_842b20dcfaafc9bc72aaa2a9ac261204},
    doi = {10.1016/j.geomphys.2009.09.014},
    issn = {03930440},
    keywords = {Classical mechanics, Dissipative systems, Line element contact bundle, Path vs. surface integral, Quantization of forces}
}

@misc{Frith2006,
    title = {{How we predict what other people are going to do}},
    year = {2006},
    booktitle = {Brain Research},
    author = {Frith, Chris D. and Frith, Uta},
    number = {1},
    pages = {36--46},
    volume = {1079},
    url = {https://ac-els-cdn-com.clsproxy.library.caltech.edu/S0006899306000576/1-s2.0-S0006899306000576-main.pdf?_tid=46ef93ce-e38b-11e7-9142-00000aab0f26&acdnat=1513557479_ad097d2b623cabffbfed49940de6458a},
    isbn = {0006-8993 (Print){\textbackslash}n0006-8993 (Linking)},
    doi = {10.1016/j.brainres.2005.12.126},
    issn = {00068993},
    pmid = {16513098},
    keywords = {Contagion, Mentalizing, Prediction, Prejudice, Social}
}

@article{Duane1987,
    title = {{Hybrid Monte Carlo}},
    year = {1987},
    journal = {Physics Letters B},
    author = {Duane, Simon and Kennedy, A.D. and Pendleton, Brian J and Roweth, Duncan},
    number = {2},
    pages = {216--222},
    volume = {195},
    url = {https://ac-els-cdn-com.clsproxy.library.caltech.edu/037026938791197X/1-s2.0-037026938791197X-main.pdf?_tid=98e784ce-fa6b-11e7-bed3-00000aacb361&acdnat=1516072749_f5388a10c3065f17a1ca921edb2398ff http://www.sciencedirect.com/science/article/pii/03702693879},
    isbn = {0370-2693},
    doi = {10.1016/0370-2693(87)91197-X},
    issn = {03702693}
}

@article{Miller1991,
    title = {{Imagery and meaning, the cognitive science connection}},
    year = {1991},
    journal = {International Studies in the Philosophy of Science},
    author = {Miller, Arthur I.},
    number = {1},
    pages = {35--48},
    volume = {5},
    url = {https://docuserve.library.caltech.edu/illiad/illiad.dll?Action=10&Form=75&Value=464881},
    doi = {10.1080/02698599108573376},
    issn = {14699281}
}

@book{Amari2016,
    title = {{Information Geometry and Its Applications}},
    year = {2016},
    booktitle = {Applied Mathematical Sciences},
    author = {Amari, Shun-Ichi},
    editor = {Antman, S.S. and Greengard, L. and Holmes, P.J.},
    pages = {736},
    volume = {194},
    publisher = {Springer},
    url = {http://link.springer.com/10.1007/978-4-431-55978-8},
    isbn = {0387404376},
    doi = {10.1007/978-4-431-55978-8},
    issn = {00255572},
    pmid = {25246403}
}

@article{Kugler1990,
    title = {{Inquiry into intentional systems I: Issues in ecological physics}},
    year = {1990},
    journal = {Psychol Res},
    author = {Kugler, Peter N and Shaw, Robert E and Vincente, Kim J and Kinsella-Shaw, Jeffrey},
    number = {2-3},
    pages = {98--121},
    volume = {52},
    url = {https://docuserve.library.caltech.edu/illiad/illiad.dll?Action=10&Form=75&Value=475525}
}

@phdthesis{Mangoubi2016,
    title = {{Integral Geometry, Hamiltonian Dynamics, and Markov Chain Monte Carlo}},
    year = {2016},
    author = {Mangoubi, Oren},
    school = {MIT}
}

@article{Shaw2015,
    title = {{Intentional quantum dynamics: Entangling choices and goals}},
    year = {2015},
    journal = {Lecture Notes in Computer Science (including subseries Lecture Notes in Artificial Intelligence and Lecture Notes in Bioinformatics)},
    author = {Shaw, Robert E and Kinsella-Shaw, Jeffrey},
    number = {January},
    pages = {255--270},
    volume = {8951},
    isbn = {9783319159300},
    doi = {10.1007/978-3-319-15931-7{\_}20},
    issn = {16113349}
}

@article{Turvey1986,
    title = {{Intentionality: A problem of multiple reference frames, specificational information and extraordinary boundary conditions on natural law}},
    year = {1986},
    journal = {Behavioral and Brain Sciences},
    author = {Turvey, Michael T},
    number = {1},
    pages = {153--155},
    volume = {9},
    url = {https://docuserve.library.caltech.edu/illiad/illiad.dll?Action=10&Form=75&Value=475538}
}

@article{Turvey1986a,
    title = {{Intentionality: a problem of multiple reference frames, specificational information, and extraordinary boundary conditions on natural law}},
    year = {1986},
    journal = {Behavioral and Brain Sciences},
    author = {Turvey, Michael T},
    number = {1},
    pages = {153--155},
    volume = {9}
}

@article{Wheeler1945,
    title = {{Interaction with the absorber as the mechanism of radiation}},
    year = {1945},
    journal = {Reviews of Modern Physics},
    author = {Wheeler, John A. and Feynman, Richard P.},
    number = {2-3},
    pages = {157--181},
    volume = {17},
    url = {https://journals-aps-org.clsproxy.library.caltech.edu/rmp/pdf/10.1103/RevModPhys.17.157},
    doi = {10.1103/RevModPhys.17.157},
    issn = {00346861}
}

@book{Lee2013,
    title = {{Introduction to Smooth Manifolds}},
    year = {2013},
    author = {Lee, John M.},
    editor = {Axler, S. and Ribet, K.},
    edition = {2},
    volume = {218},
    publisher = {Springer},
    url = {www.springer.com/series/218 http://link.springer.com/10.1007/978-1-4419-9982-5},
    address = {New York},
    isbn = {978-1-4419-9981-8},
    doi = {10.1007/978-1-4419-9982-5},
    issn = {1098-6596},
    pmid = {25246403},
    arxivId = {arXiv:1011.1669v3}
}

@article{Wigner1949,
    title = {{Invariance in Physical Theory}},
    year = {1949},
    journal = {Proceedings of the American Philosophical Society},
    author = {Wigner, E. P.},
    number = {7},
    pages = {521--526},
    volume = {93},
    url = {http://www.jstor.org.clsproxy.library.caltech.edu/stable/pdf/3143140.pdf}
}

@article{Psillos1995,
    title = {{Is Structural Realism the Best of Both Worlds?*}},
    year = {1995},
    journal = {Dialectica},
    author = {Psillos, Stathis and Psilos, Stathis},
    number = {1},
    pages = {15--46},
    volume = {49},
    url = {https://docuserve.library.caltech.edu/illiad/illiad.dll?Action=10&Form=75&Value=462261 http://doi.wiley.com/10.1111/j.1746-8361.1995.tb00113.x},
    isbn = {1746-8361},
    doi = {10.1111/j.1746-8361.1995.tb00113.x},
    issn = {00122017}
}

@incollection{Mace1977,
    title = {{James J. Gibson's Strategy for Perceiving: Ask not what's inside your head, but what your head is inside of.}},
    year = {1977},
    booktitle = {Perceiving, Acting, and Knowing: Toward an Ecological Psychology},
    author = {Mace, W.M.},
    editor = {Shaw, Robert E. and Bransford, John},
    chapter = {2},
    pages = {43--65},
    publisher = {Lawrence Earlbaum Associates},
    address = {Hillsale, NJ},
    isbn = {0470990155},
    doi = {10.1.1.31.5407}
}

@misc{Hinton2007,
    title = {{Learning multiple layers of representation}},
    year = {2007},
    booktitle = {Trends in Cognitive Sciences},
    author = {Hinton, Geoffrey E},
    number = {10},
    pages = {428--434},
    volume = {11},
    url = {https://ac-els-cdn-com.clsproxy.library.caltech.edu/S1364661307002173/1-s2.0-S1364661307002173-main.pdf?_tid=f87ec6f8-eb6c-11e7-b0be-00000aab0f27&acdnat=1514424080_56a3945170a51439ea26b1005dff2d1f},
    isbn = {1364-6613 (Print){\textbackslash}r1364-6613 (Linking)},
    doi = {10.1016/j.tics.2007.09.004},
    issn = {13646613},
    pmid = {17921042},
    arxivId = {1102.0183}
}

@article{Newton1949,
    title = {{Localized states for elementary systems}},
    year = {1949},
    journal = {Reviews of Modern Physics},
    author = {Newton, T. D. and Wigner, E. P.},
    number = {3},
    pages = {400--406},
    volume = {21},
    url = {https://journals-aps-org.clsproxy.library.caltech.edu/rmp/pdf/10.1103/RevModPhys.21.400},
    isbn = {978-3-642-08154-5},
    doi = {10.1103/RevModPhys.21.400},
    issn = {00346861}
}

@article{Barbour1982,
    title = {{Mach's Principle and the Structure of Dynamical Theories}},
    year = {1982},
    journal = {Proceedings of the Royal Society A: Mathematical, Physical and Engineering Sciences},
    author = {Barbour, J. B. and Bertotti, B.},
    number = {1783},
    pages = {295--306},
    volume = {382},
    url = {http://rspa.royalsocietypublishing.org/cgi/doi/10.1098/rspa.1982.0102},
    isbn = {bibcode:1982RSPSA.382..295B},
    doi = {10.1098/rspa.1982.0102},
    issn = {1364-5021}
}

@article{Gelfert2003,
    title = {{Manipulative success and the unreal}},
    year = {2003},
    journal = {International Studies in the Philosophy of Science},
    author = {Gelfert, Axel},
    number = {3},
    pages = {245--263},
    volume = {17},
    isbn = {0269859032000},
    doi = {10.1080/0269859032000169451},
    issn = {02698595}
}

@article{Lan2015,
    title = {{Markov Chain Monte Carlo from Lagrangian Dynamics}},
    year = {2015},
    journal = {Journal of Computational and Graphical Statistics},
    author = {Lan, Shiwei and Stathopoulos, Vasileios and Shahbaba, Babak and Girolami, Mark},
    number = {2},
    pages = {357--378},
    volume = {24},
    doi = {10.1080/10618600.2014.902764},
    issn = {15372715},
    arxivId = {1211.3759},
    keywords = {Explicit integrator, Hamiltonian Monte Carlo, Riemannian manifold}
}

@article{Lan2015a,
    title = {{Markov Chain Monte Carlo from Lagrangian Dynamics}},
    year = {2015},
    journal = {Journal of Computational and Graphical Statistics},
    author = {Lan, Shiwei and Stathopoulos, Vasileios and Shahbaba, Babak and Girolami, Mark},
    number = {2},
    pages = {357--378},
    volume = {24},
    doi = {10.1080/10618600.2014.902764},
    issn = {15372715},
    arxivId = {1211.3759},
    keywords = {Explicit integrator, Hamiltonian Monte Carlo, Riemannian manifold}
}

@article{Silver2016,
    title = {{Mastering the game of Go with deep neural networks and tree search}},
    year = {2016},
    journal = {Nature},
    author = {Silver, David and Huang, Aja and Maddison, Chris J. and Guez, Arthur and Sifre, Laurent and van den Driessche, George and Schrittwieser, Julian and Antonoglou, Ioannis and Panneershelvam, Veda and Lanctot, Marc and Dieleman, Sander and Grewe, Dominik and Nham, John and Kalchbrenner, Nal and Sutskever, Ilya and Lillicrap, Timothy and Leach, Madeleine and Kavukcuoglu, Koray and Graepel, Thore and Hassabis, Demis},
    number = {7587},
    pages = {484--489},
    volume = {529},
    publisher = {Nature Publishing Group},
    url = {http://www.nature.com/doifinder/10.1038/nature16961},
    isbn = {1476-4687 (Electronic){\textbackslash}r0028-0836 (Linking)},
    doi = {10.1038/nature16961},
    issn = {0028-0836},
    pmid = {26819042},
    arxivId = {1610.00633}
}

@book{Baumann2005b,
    title = {{Mathematica for theoretical physics, Volume 2}},
    year = {2005},
    booktitle = {Mathematica for Theoretical Physics: Electrodynamics, Quantum Mechanics, General Relativity and Fractals},
    author = {Baumann, Gerd},
    edition = {2},
    pages = {545--931},
    publisher = {Springer},
    url = {https://link-springer-com.clsproxy.library.caltech.edu/content/pdf/10.1007%2Fb106779.pdf},
    address = {Heidelberg},
    isbn = {0387016740},
    doi = {10.1007/b106777},
    pmid = {13568293}
}

@article{Moretti2016,
    title = {{Mathematical Foundations of Quantum Mechanics: An Advanced Short Course}},
    year = {2016},
    journal = {International Journal of Geometric Methods in Modern Physics},
    author = {Moretti, Valter},
    number = {1},
    volume = {13},
    url = {https://docuserve.library.caltech.edu/illiad/illiad.dll?Action=10&Form=75&Value=463083 http://arxiv.org/abs/1508.06951%0Ahttp://dx.doi.org/10.1142/S0219887816300117},
    doi = {10.1142/S0219887816300117},
    issn = {0219-8878},
    arxivId = {1508.06951}
}

@book{Baumann2005a,
    title = {{Mathematica{\textregistered} for Theoretical Physics, Volume I}},
    year = {2005},
    booktitle = {Mathematica for Theoretical Physics: Classical Mechanics and Nonlinear Dynamics},
    author = {Baumann, Gerd},
    edition = {2},
    pages = {1--544},
    publisher = {Springer},
    url = {https://link-springer-com.clsproxy.library.caltech.edu/content/pdf/10.1007%2Fb106777.pdf http://link.springer.com/10.1007/b106777},
    address = {Heidelberg},
    isbn = {978-0-387-01674-0},
    doi = {10.1007/b106777},
    issn = {1098-6596},
    pmid = {13568293},
    arxivId = {arXiv:1011.1669v3}
}

@article{Glennan2010,
    title = {{Mechanisms, causes, and the layered model of the world}},
    year = {2010},
    journal = {Philosophy and Phenomenological Research},
    author = {Glennan, Stuart},
    number = {2},
    pages = {362--381},
    volume = {81},
    url = {http://www.jstor.org/stable/pdf/20779567.pdf},
    isbn = {1933-1592},
    doi = {10.1111/j.1933-1592.2010.00375.x},
    issn = {00318205}
}

@article{Fodor1980,
    title = {{Methodological Solipsism Considered as a Research Strategy in Cognitive Psychology}},
    year = {1980},
    journal = {Behavioral and Brain Sciences},
    author = {Fodor, J. A.},
    pages = {63--109},
    volume = {3},
    issn = {0031-8248}
}

@book{Morgan1999,
    title = {{Models as Mediators}},
    year = {1999},
    booktitle = {ReThinking the Cultural Economy Seminar},
    author = {Morgan, Mary S. and Morrison, Margaret and Organ, Mary S M},
    editor = {Morgan, Mary S. and Morrison, Margaret},
    pages = {417},
    publisher = {CUP},
    url = {http://strangebeautiful.com/other-texts/morgan-morrison-mods-mediators.pdf http://forskningsbasen.deff.dk/Share.external?sp=S7228af70-0efc-11de-8dd2-000ea68e967b&sp=Sark},
    isbn = {9780521650977},
    doi = {10.1017/CBO9781107415324.004},
    issn = {0962-4945},
    pmid = {25246403},
    arxivId = {arXiv:1011.1669v3}
}

@article{Anderson1972,
    title = {{More is different. Broken symmetry and the nature of the hierarchical structure of science}},
    year = {1972},
    journal = {Science},
    author = {Anderson, P W},
    number = {4047},
    pages = {393--396},
    volume = {177},
    url = {http://science.sciencemag.org.clsproxy.library.caltech.edu/content/sci/177/4047/393.full.pdf http://www.worldscientific.com/doi/pdf/10.1142/9789812385123_others01},
    isbn = {0036-8075},
    doi = {DOI 10.1126/science.177.4047.393},
    issn = {15213250}
}

@article{Johnson2008a,
    title = {{Moving to higher ground: The dynamic field theory and the dynamics of visual perception and cognition}},
    year = {2008},
    journal = {New Ideas in Psychology},
    author = {Johnson, Jeffrey S. and Spencer, John P. and Schoner, Gregor},
    number = {2},
    pages = {227--251},
    volume = {26}
}

@book{Coombes2014,
    title = {{Neural Fields}},
    year = {2014},
    booktitle = {Neural Fields, Theory and Applications},
    author = {Coombes, Stephen and Graben, Peter beim and Wright, James and Potthast, Roland},
    editor = {Coombes, Stephen and Graben, Peter beim and Potthast, Roland and Wright, James},
    publisher = {Springer},
    url = {http://link.springer.com/10.1007/978-3-642-54593-1},
    address = {Berlin},
    isbn = {978-3-642-54592-4},
    doi = {10.1007/978-3-642-54593-1},
    issn = {1941-6016}
}

@article{Moore2017,
    title = {{Neural Mechanisms of Selective Visual Attention}},
    year = {2017},
    journal = {Annual Review of Psychology},
    author = {Moore, Tirin and Zirnsak, Marc},
    number = {1},
    pages = {47--72},
    volume = {68},
    url = {http://www.annualreviews.org.clsproxy.library.caltech.edu/doi/pdf/10.1146/annurev-psych-122414-033400 http://www.annualreviews.org/doi/10.1146/annurev-psych-122414-033400},
    isbn = {0147-006X},
    doi = {10.1146/annurev-psych-122414-033400},
    issn = {0066-4308},
    pmid = {28051934}
}

@book{Pauli1955,
    title = {{Niels Bohr and the development of physics}},
    year = {1955},
    editor = {Pauli, Wolfgang and Rosenfeld, L. and Weisskopf, V.},
    publisher = {McGraw-Hill},
    address = {New York}
}

@article{Halvorson2001,
    title = {{No place for particles in relativistic quantum theories?}},
    year = {2002},
    journal = {Philosophy of Science},
    author = {Halvorson, Hans and Clifton, Rob},
    pages = {1--28},
    volume = {69},
    url = {http://www.journals.uchicago.edu.clsproxy.library.caltech.edu/doi/pdfplus/10.1086/338939 http://arxiv.org/abs/quant-ph/0103041%0Ahttp://dx.doi.org/10.1142/9789812776440_0010},
    isbn = {0031-8248},
    doi = {10.1142/9789812776440{\_}0010},
    issn = {00318248},
    arxivId = {quant-ph/0103041}
}

@article{Einstein1925,
    title = {{Non-euclidean geometry and physics}},
    year = {1925},
    journal = {Neue Rundschau},
    author = {Einstein, A.},
    pages = {16--20},
    volume = {1}
}

@article{Iberall1997,
    title = {{Nonlinear Dynamics from a Physical Point of View}},
    year = {1997},
    journal = {Ecological Psychology},
    author = {Iberall, Arthur S.},
    number = {3},
    pages = {223--244},
    volume = {9},
    doi = {10.1207/s15326969eco0903{\_}4},
    issn = {10407413}
}

@incollection{Kugler1982,
    title = {{On the control and coordination of naturally developing systems}},
    year = {1982},
    booktitle = {The Development of Movement Control and Coordination},
    author = {Kugler, P N and Kelso, Scott J a and Turvey, Michael T},
    editor = {Kelso, J.A.S. and Clark, J.E.},
    chapter = {1},
    pages = {5--78},
    publisher = {John WIley {\&} Sons Ltd.},
    isbn = {047110048X},
    issn = {1466822X}
}

@article{Petrusz2010,
    title = {{On the distinctive features of ecological laws}},
    year = {2010},
    journal = {Ecological Psychology},
    author = {Petrusz, Stephanie C and Turvey, Michael T},
    number = {1},
    pages = {44--68},
    volume = {22},
    isbn = {1040-7413},
    doi = {10.1080/10407410903493152},
    issn = {10407413}
}

@article{Turvey2009,
    title = {{On the notion and implications of organism-environment system}},
    year = {2009},
    journal = {Ecological Psychology},
    author = {Turvey, Michael T},
    number = {2},
    pages = {97--111},
    volume = {21},
    isbn = {1040-7413},
    doi = {10.1080/10407410902877041},
    issn = {10407413}
}

@article{Duncan2007a,
    title = {{On the verge of Umdeutung in Minnesota: Van Vleck and the correspondence principle. Part one}},
    year = {2007},
    journal = {Archive for History of Exact Sciences},
    author = {Duncan, Anthony and Janssen, Michel},
    number = {6},
    pages = {553--624},
    volume = {61},
    url = {https://link-springer-com.clsproxy.library.caltech.edu/content/pdf/10.1007%2Fs00407-007-0010-x.pdf},
    doi = {10.1007/s00407-007-0010-x},
    issn = {00039519},
    arxivId = {physics/0610193}
}

@article{Duncan2007b,
    title = {{On the verge of Umdeutung in Minnesota: Van Vleck and the correspondence principle. Part two}},
    year = {2007},
    journal = {Archive for History of Exact Sciences},
    author = {Duncan, Anthony and Janssen, Michel},
    number = {6},
    pages = {625--671},
    volume = {61},
    url = {https://link-springer-com.clsproxy.library.caltech.edu/content/pdf/10.1007%2Fs00407-007-0009-3.pdf},
    doi = {10.1007/s00407-007-0010-x},
    issn = {00039519},
    arxivId = {physics/0610193}
}

@article{Wigner1939,
    title = {{On Unitary Representations of the Inhomogeneous Lorentz Group}},
    year = {1939},
    journal = {The Annals of Mathematics},
    author = {Wigner, E. P.},
    number = {1},
    pages = {149},
    volume = {40},
    url = {http://www.jstor.org.clsproxy.library.caltech.edu/stable/pdf/1968551.pdf http://www.jstor.org/stable/1968551?origin=crossref},
    isbn = {0003486X},
    doi = {10.2307/1968551},
    issn = {0003486X},
    arxivId = {0809.4942}
}

@article{Fulto2t016a,
    title = {{Open Peer Commentaries and References on Perception-Action Mutuality}},
    year = {2016},
    journal = {Constructivist Foundations},
    author = {Fultot, Martin and Nie, Lin and Carello, Claudia},
    number = {2},
    pages = {308--345},
    volume = {11},
    isbn = {0039068530563},
    doi = {10.1080/15265160903013829},
    issn = {1536-0075}
}

@book{Falkenburg2007,
    title = {{Particle Metaphysics: A Critical Account of Subatomic Reality}},
    year = {2007},
    author = {Falkenburg, Brigitte},
    pages = {386},
    publisher = {Springer},
    url = {https://link-springer-com.clsproxy.library.caltech.edu/content/pdf/10.1007%2F978-3-540-33732-4.pdf http://www.amazon.com/Particle-Metaphysics-Subatomic-Frontiers-Collection/dp/3540337318/ref=pd_sim_b_1?ie=UTF8&refRID=07QKDZN4RKX78GG8ZY7D},
    isbn = {9783540337317}
}

@article{Duncan2008,
    title = {{Pascual Jordan's resolution of the conundrum of the wave-particle duality of light}},
    year = {2008},
    journal = {Studies in History and Philosophy of Science Part B - Studies in History and Philosophy of Modern Physics},
    author = {Duncan, Anthony and Janssen, Michel},
    number = {3},
    pages = {634--666},
    volume = {39},
    url = {https://ac-els-cdn-com.clsproxy.library.caltech.edu/S1355219808000312/1-s2.0-S1355219808000312-main.pdf?_tid=9f643382-fd55-11e7-ac74-00000aacb35e&acdnat=1516393173_9562dafba94d29f2cce1ea7f2cd276f6},
    doi = {10.1016/j.shpsb.2008.04.005},
    issn = {13552198},
    arxivId = {0709.3812},
    keywords = {Dreim{\"{a}}nnerarbeit, Fluctuations, Matrix mechanics, Pascual Jordan, Quantum field theory, Umdeutung, Wave-particle duality}
}

@article{Bertin2000,
    title = {{Perception of two-dimensional, simulated ego-motion trajectories from optic flow.}},
    year = {2000},
    journal = {Vision research},
    author = {Bertin, R J and Isra{\"{e}}l, I and Lappe, M},
    number = {21},
    pages = {2951--2971},
    volume = {40},
    isbn = {0042-6989},
    doi = {10.1016/S0042-6989(00)00134-6},
    issn = {00426989},
    pmid = {11000394},
    keywords = {circular heading, ego-motion, linear heading, optic flow, path perception, vestibular, vision}
}

@incollection{Rabinovich2012c,
    title = {{Perception, Action, and Utility: The Tangled Skein}},
    year = {2012},
    booktitle = {Principles of brain dynamics: global state interactions},
    author = {Gershman, Samuel J. and Daw, Nathaniel D.},
    editor = {Rabinovich, MI and Friston, KJ and Varona, P},
    chapter = {13},
    pages = {294--312},
    publisher = {MIT Press},
    url = {https://books.google.com.au/books?hl=en&lr=&id=KOWZ2sZNlWQC&oi=fnd&pg=PR5&dq=Principles+of+brain+dynamics:+global+state+interactions+.&ots=e-eOaAIu3-&sig=tJtIBxnbsR54BZ9QiMBCuwkuKaM},
    isbn = {9780262017640}
}

@article{Fultot2016,
    title = {{Perception-Action Mutuality Obviates Mental Construction}},
    year = {2016},
    journal = {Constructivist Foundations},
    author = {Fultot, Martin and Nie, Lin and Carello, Claudia},
    number = {2},
    pages = {298--307},
    volume = {11},
    keywords = {Ecological psychology, Gibson, constructivism, enactivism, perception, representation}
}

@article{Friston2012,
    title = {{Perceptions as hypotheses: Saccades as experiments}},
    year = {2012},
    journal = {Frontiers in Psychology},
    author = {Friston, Karl and Adams, Rick A. and Perrinet, Laurent and Breakspear, Michael},
    number = {MAY},
    pages = {1--20},
    volume = {3},
    isbn = {1664-1078 (Electronic)},
    doi = {10.3389/fpsyg.2012.00151},
    issn = {16641078},
    pmid = {22654776},
    arxivId = {NIHMS150003},
    keywords = {Active inference, Bayesian inference, Exploration, Free energy, Perception, Salience, Surprise, Visual search}
}

@article{Goranson2015,
    title = {{Pragmatic phenomenological types}},
    year = {2015},
    journal = {Progress in Biophysics and Molecular Biology},
    author = {Goranson, Ted and Cardier, Beth and Devlin, Keith},
    pages = {420--436},
    volume = {119},
    url = {https://bethcardier.s3.amazonaws.com/Goranson, Cardier Devlin 2015.pdf},
    doi = {10.1016/j.pbiomolbio.2015.07.006},
    keywords = {Abstraction, Quantum interaction, Situation theory, Two-sorted reasoning, Type systems}
}

@article{Rao1999,
    title = {{Predictive coding in the visual cortex: a functional interpretation of some extra-classical receptive field effects}},
    year = {1999},
    journal = {Nature Neuroscience},
    author = {Rao, R P and Ballard, D H},
    number = {1},
    pages = {79--87},
    volume = {2}
}

@article{Rabinovich2012,
    title = {{Principles of brain dynamics: global state interactions}},
    year = {2012},
    author = {Rabinovich, MI and Friston, KJ and Varona, P},
    url = {https://books.google.com.au/books?hl=en&lr=&id=KOWZ2sZNlWQC&oi=fnd&pg=PR5&dq=Principles+of+brain+dynamics:+global+state+interactions+.&ots=e-eOaAIu3-&sig=tJtIBxnbsR54BZ9QiMBCuwkuKaM},
    isbn = {9780262017640}
}

@article{Shaw2001,
    title = {{Processes, Acts, and Experiences: Three Stances on the Problem of Intentionality}},
    year = {2001},
    journal = {Ecological Psychology},
    author = {Shaw, Robert E},
    number = {4},
    pages = {275--314},
    volume = {13},
    isbn = {1040-7413},
    doi = {10.1207/S15326969ECO1304{\_}02},
    issn = {10407413},
    pmid = {966}
}

@incollection{Shaw1977,
    title = {{Psychological Appproaches to the Problem of Knowledge}},
    year = {1977},
    booktitle = {Perceiving, Acting, and Knowing: Toward an Ecological Psychology},
    author = {Shaw, Robert E and Bransford, John},
    editor = {Shaw, Robert E and Bransford, John},
    chapter = {1},
    pages = {1--39},
    publisher = {Lawrence Erlbaum Associates},
    address = {Hillsdale, NJ}
}

@article{Fuchs2015,
    title = {{QBism and the Greeks: Why a quantum state does not represent an element of physical reality}},
    year = {2015},
    journal = {Physica Scripta},
    author = {Fuchs, Christopher A. and Schack, RÃ¼digger},
    number = {1},
    volume = {90},
    isbn = {<null>},
    doi = {10.1088/0031-8949/90/1/015104},
    issn = {14024896},
    arxivId = {1412.4211},
    keywords = {quantum Bayesianism, quantum foundations, quantum information}
}

@misc{Goldstone1975,
    title = {{Quantization of nonlinear waves.pdf}},
    year = {1975},
    booktitle = {Physical Review D},
    author = {Goldstone, J and Jackiw, R},
    number = {6},
    pages = {1486--1498},
    volume = {11},
    url = {https://journals-aps-org.clsproxy.library.caltech.edu/prd/pdf/10.1103/PhysRevD.11.1486}
}

@article{Timpson2008,
    title = {{Quantum Bayesianism: A study}},
    year = {2008},
    journal = {Studies in History and Philosophy of Science Part B - Studies in History and Philosophy of Modern Physics},
    author = {Timpson, Christopher Gordon},
    number = {3},
    pages = {579--609},
    volume = {39},
    url = {https://ac-els-cdn-com.clsproxy.library.caltech.edu/S1355219808000257/1-s2.0-S1355219808000257-main.pdf?_tid=470f6b3c-ee5c-11e7-9ec8-00000aab0f01&acdnat=1514746756_d1ccb2e97787edc9a1195ac28bb2fd00},
    doi = {10.1016/j.shpsb.2008.03.006},
    issn = {13552198},
    arxivId = {0804.2047},
    keywords = {Instrumentalism, Moore's paradox, Quantum Bayesianism, Quantum ontology, Subjective probability, System/apparatus divide}
}

@article{Redhead1983,
    title = {{Quantum field theory for philosophers}},
    year = {1983},
    journal = {Philosophy of Science},
    author = {Redhead, Michael L.G.},
    pages = {57--99},
    volume = {PSA 1982}
}

@inproceedings{Graben2016,
    title = {{Quantum Interaction}},
    year = {2016},
    booktitle = {QI 2016},
    author = {Graben, P and Blutner, R},
    pages = {99--111},
    volume = {LNCS 10106},
    publisher = {Springer},
    url = {http://link.springer.com/10.1007/978-3-642-54943-4},
    isbn = {978-3-642-54942-7},
    doi = {10.1007/978-3-642-54943-4},
    issn = {0302-9743},
    arxivId = {1408.5697}
}

@inproceedings{Adler2012,
    title = {{Quantum theory as an emergent phenomenon: Foundations and phenomenology}},
    year = {2012},
    booktitle = {Journal of Physics: Conference Series},
    author = {Adler, Stephen L},
    number = {1},
    volume = {361},
    isbn = {9780521831949},
    doi = {10.1088/1742-6596/361/1/012002},
    issn = {17426588}
}

@article{Turvey2015,
    title = {{Quantum-Like Issues at Nature's Ecological Scale (the Scale of Organisms and Their Environments)}},
    year = {2015},
    journal = {Mind {\&} Matter},
    author = {Turvey, Michael T},
    number = {1},
    pages = {7--44},
    volume = {13},
    url = {http://www.mindmatter.de/resources/pdf/turveywww.pdf}
}

@article{Nambu1960a,
    title = {{Quasi-particles and gauge invariance in the theory of superconductivity}},
    year = {1960},
    journal = {Physical Review},
    author = {Nambu, Yoichiro},
    number = {3},
    pages = {648--663},
    volume = {117},
    url = {https://journals-aps-org.clsproxy.library.caltech.edu/pr/pdf/10.1103/PhysRev.117.648},
    isbn = {1536-6065},
    doi = {10.1103/PhysRev.117.648},
    issn = {0031899X}
}

@article{Favela2014,
    title = {{Radical embodied cognitive neuroscience: addressing "grand challenges"; of the mind sciences}},
    year = {2014},
    journal = {Frontiers in Human Neuroscience},
    author = {Favela, Luis H.},
    number = {October},
    pages = {1--10},
    volume = {8},
    url = {http://journal.frontiersin.org/article/10.3389/fnhum.2014.00796/abstract},
    doi = {10.3389/fnhum.2014.00796},
    issn = {1662-5161},
    pmid = {25339891},
    keywords = {criticality, data deluge, data deluge, dynamical systems theory, radical emb, dynamical systems theory, radical emb, radical embodied cognitive neuroscience, self-organized, theoretical modeling}
}

@article{Chemero2013,
    title = {{Radical embodied cognitive science.}},
    year = {2013},
    journal = {Review of General Psychology},
    author = {Chemero, Anthony},
    number = {2},
    pages = {145--150},
    volume = {17},
    url = {http://citeseerx.ist.psu.edu/viewdoc/download?doi=10.1.1.400.9177&rep=rep1&type=pdf http://doi.apa.org/getdoi.cfm?doi=10.1037/a0032923},
    isbn = {9780126017304},
    doi = {10.1037/a0032923},
    issn = {1939-1552},
    pmid = {21136224},
    arxivId = {arXiv:1011.1669v3},
    keywords = {dynamical systems, ecological psychology, embodied cognition, functionalism, pragmatism}
}

@incollection{Howard07,
    title = {{Reduction and Emergence in the Physical Sciences: Some Lessons from the Particle Physics and Condensed Matter Debate}},
    year = {2007},
    booktitle = {Evolution and Emergence: Systems, Organisms, Persons},
    author = {Howard, Don},
    editor = {Murphy, Nancey C. and Stoeger, William R.},
    chapter = {6},
    pages = {141--157},
    publisher = {Oxford University Press},
    isbn = {9780199204717}
}

@article{Dirac1932,
    title = {{Relativistic Quantum Mechanics}},
    year = {1932},
    journal = {Proceedings of the Royal Society A: Mathematical, Physical and Engineering Sciences},
    author = {Dirac, P A M},
    number = {829},
    pages = {453--464},
    volume = {136},
    url = {http://rspa.royalsocietypublishing.org.clsproxy.library.caltech.edu/content/royprsa/136/829/453.full.pdf http://rspa.royalsocietypublishing.org/cgi/doi/10.1098/rspa.1932.0094},
    doi = {10.1098/rspa.1932.0094},
    issn = {1364-5021}
}

@article{Polchinski1984a,
    title = {{Renormalization and effective lagrangians}},
    year = {1984},
    journal = {Nuclear Physics, Section B},
    author = {Polchinski, Joseph},
    number = {2},
    pages = {269--295},
    volume = {231},
    url = {https://docuserve.library.caltech.edu/illiad/illiad.dll?Action=10&Form=75&Value=460256},
    doi = {10.1016/0550-3213(84)90287-6},
    issn = {05503213}
}

@article{Bailey2016a,
    title = {{Repurposing Hand Animation for Interactive Applications}},
    year = {2016},
    journal = {Ladislav Kavan and Chris Wojtan},
    author = {Bailey, Stephen W and Watt, Martin and O 'Brien, James F},
    editor = {Kavan, Ladislav and Wojtan, Chris},
    publisher = {ACM},
    url = {http://graphics.berkeley.edu/papers/Bailey-RHA-2016-07/Bailey-RHA-2016-07.pdf}
}

@article{Bailey2016b,
    title = {{Repurposing Hand Animation for Interactive Applications}},
    year = {2016},
    journal = {Ladislav Kavan and Chris Wojtan},
    author = {Bailey, Stephen W and Watt, Martin and O 'brien, James F},
    pages = {1--10},
    keywords = {and, copyright may be transferred, duplication, facial animation, nonlinear dimensionality reduction, or distribution are, submitted for publication, the accepted version may, the publisher, then be posted by, this work has been, unauthorized viewing, without further notice and}
}

@misc{Girolami2010,
    title = {{Riemann Manifold Langevin and Hamiltonian Monte Carlo methods}},
    year = {2011},
    booktitle = {J. R. Statist. Soc. B},
    author = {Girolami, Mark and Calderhead, Ben},
    number = {2},
    pages = {1--37},
    volume = {73},
    url = {http://citeseerx.ist.psu.edu/viewdoc/download?doi=10.1.1.472.3640&rep=rep1&type=pdf https://scholar.google.com/scholar?oi=bibs&hl=en&cites=13909732462634339491&as_sdt=5}
}

@book{Schwinger1958,
    title = {{Selected papers in Quantum Electrodynamics}},
    year = {1958},
    editor = {Schwinger, Julian},
    publisher = {Dover},
    address = {New York}
}

@article{Moore2003,
    title = {{Selective gating of visual signals by microstimulation of frontal cortex}},
    year = {2003},
    journal = {Nature},
    author = {Moore, Tirin and Armstrong, Katherine M.},
    number = {January},
    pages = {370--373},
    volume = {421},
    doi = {10.1038/nature01285.},
    issn = {0028-0836}
}

@article{Arnsdorf2016,
    title = {{Series Rules, v4.2 (12/2016) {\textcopyright}2016.}},
    year = {2016},
    author = {Arnsdorf, Marty and Bace, Matt and Bastian, Ranier and Benjamin, Dave and Blennemann, Dirk and Burrell, Doug and Campbell, Stephen and Cannon, Tom and Chatto, Carl and Clark, Brenden and Cloyd, Bob and Combs, Dav and Demko, Dave and Dodd, Chris and Droste, Karsten and Fager, Anders and Fischer, Andrew and Foley, Christophe and Friedrichs, Dave and Fuller, Owen and Gallinger, Tom and Haggett, Mike and Heinz, Dirk and Herkes, Paul and Hudgens, Nolan and Junkin, Michael and Kisner, John and Klubi, Tom and Leblanc, Roland and Ludwig, Christoph and Mckinney, Ethan and Miller, Rod and Moody, Bill and Moutinho, MaurÃ­cio and Nesbitt, Don and Niffin, Brian and Nordling, Elias and Poitinger, Steve and Powell, Dave and Reynolds, Dave and Roelant, Henk and Sassot, Ernesto and Sperling, Bernard and Stewart, Russell and Stravers, Jim and Strycharz, John and Sturz, Michael-peter and Taylor, Roger and Toletti, Giovanni and Walters, Ric and Wambold, Al and Webb, Bruce and Wise, Jim and Demko, Dave and Essig, Dean and Fischer, Andrew and Junkin, Michael and Korting, Hans and Leblanc, Roland and Miller, Rod},
    pages = {1--56},
    volume = {2}
}

@article{Koch1985,
    title = {{Shifts in Selective Visual Attention: Towards the Underlying Neural Circuitry}},
    year = {1985},
    journal = {Human Neurobiology},
    author = {Koch, Christof and Ullman, Shimon},
    pages = {219--227},
    volume = {4},
    url = {https://cseweb.ucsd.edu/classes/fa09/cse258a/papers/koch-ullman-1985.pdf http://www.springerlink.com/index/10.1007/978-94-009-3833-5_5}
}

@incollection{Afraimovich2012,
    title = {{Short Guide to Modern Nonlinear Dynamics}},
    year = {2012},
    booktitle = {Principles of Brain Dynamics: Global State Interactions},
    author = {Afraimovich, Valentin S. and Rabinovich, Mikhail I. and Varona, Pablo},
    editor = {Rabinovich, Mikhail I. and Friston, Karl J. and Varona, Pablo},
    chapter = {14},
    pages = {313--338},
    publisher = {MIT Press},
    url = {https://books.google.com.au/books?hl=en&lr=&id=KOWZ2sZNlWQC&oi=fnd&pg=PR5&dq=Principles+of+brain+dynamics:+global+state+interactions+.&ots=e-eOaAIu3-&sig=tJtIBxnbsR54BZ9QiMBCuwkuKaM},
    isbn = {9780262017640}
}

@article{Afraimovich2012a,
    title = {{Short Guide to Modern Nonlinear Dynamics}},
    year = {2012},
    journal = {Principles of Brain Dynamics: Global State Interactions},
    author = {Afraimovich, Valentin S. and Rabinovich, Mikhail I. and Varona, Pablo},
    pages = {313--338},
    url = {https://books.google.com.au/books?hl=en&lr=&id=KOWZ2sZNlWQC&oi=fnd&pg=PR5&dq=Principles+of+brain+dynamics:+global+state+interactions+.&ots=e-eOaAIu3-&sig=tJtIBxnbsR54BZ9QiMBCuwkuKaM},
    isbn = {9780262017640}
}

@article{Conte2007a,
    title = {{Some remarks on an experiment suggesting quantum-like behavior of cognitive entities and formulation of an abstract quantum mechanical formalism to describe cognitive entity and its dynamics}},
    year = {2007},
    journal = {Chaos, Solitons and Fractals},
    author = {Conte, Elio and Todarello, Orlando and Federici, Antonio and Vitiello, Francesco and Lopane, Michele and Khrennikov, Andrei and Zbilut, Joseph P.},
    number = {5},
    pages = {1076--1088},
    volume = {31},
    doi = {10.1016/j.chaos.2005.09.061},
    issn = {09600779},
    arxivId = {0710.5092}
}

@article{Feynman1948,
    title = {{Space-Time Approach to Non-Relativistic Quantum Mechanics}},
    year = {1948},
    journal = {Reviews of Modern Physics},
    author = {Feynman, Richard P.},
    chapter = {Reprinted },
    pages = {367--387},
    volume = {20}
}

@article{Feynman1949,
    title = {{Space-time approach to quantum electrodynamics}},
    year = {1949},
    journal = {Physical Review},
    author = {Feynman, Richard P.},
    number = {6},
    pages = {769--789},
    volume = {76},
    url = {https://journals-aps-org.clsproxy.library.caltech.edu/pr/pdf/10.1103/PhysRev.76.769},
    isbn = {0031-899x},
    doi = {10.1103/PhysRev.76.769},
    issn = {0031899X}
}

@article{Bressloff2012,
    title = {{Spatiotemporal dynamics of continuum neural fields}},
    year = {2012},
    journal = {Journal of Physics A: Mathematical and Theoretical},
    author = {Bressloff, Paul C},
    number = {3},
    pages = {1--109},
    volume = {45},
    url = {http://iopscience.iop.org.clsproxy.library.caltech.edu/article/10.1088/1751-8113/45/3/033001/pdf},
    doi = {10.1088/1751-8113/45/3/033001},
    issn = {17518113}
}

@article{Visser2017,
    title = {{Standing and travelling waves in a spherical brain model: The Nunez model revisited}},
    year = {2017},
    journal = {Physica D: Nonlinear Phenomena},
    author = {Visser, S and Nicks, R and Faugeras, O and Coombes, S},
    pages = {27--45},
    volume = {349},
    url = {https://docuserve.library.caltech.edu/illiad/illiad.dll?Action=10&Form=75&Value=463605},
    doi = {10.1016/j.physd.2017.02.017},
    issn = {01672789},
    pmid = {28626276},
    keywords = {Dynamic pattern formation on a sphere, Integral equations, Neuronal networks, Normal form computation, Space dependent delays, Symmetric bifurcation theory}
}

@article{Borji2013,
    title = {{State-of-the-art in visual attention modeling}},
    year = {2013},
    journal = {IEEE Transactions on Pattern Analysis and Machine Intelligence},
    author = {Borji, Ali and Itti, Laurent},
    number = {1},
    pages = {185--207},
    volume = {35},
    isbn = {0162-8828 VO - 35},
    doi = {10.1109/TPAMI.2012.89},
    issn = {01628828},
    pmid = {22487985},
    keywords = {Visual attention, bottom-up attention, eye movements, gaze control, gist, regions of interest, saliency, scene interpretation, top-down attention, visual search}
}

@article{Duane1985,
    title = {{Stochastic quantization versus the microcanonical ensemble: Getting the best of both worlds}},
    year = {1985},
    journal = {Nuclear Physics, Section B},
    author = {Duane, Simon},
    number = {C},
    pages = {652--662},
    volume = {257},
    doi = {10.1016/0550-3213(85)90369-4},
    issn = {05503213}
}

@article{Worrall1989,
    title = {{Structural Realism: The Best of Both Worlds? *}},
    year = {1989},
    journal = {Dialectica},
    author = {Worrall, John},
    number = {1-2},
    pages = {99--124},
    volume = {43},
    url = {https://docuserve.library.caltech.edu/illiad/illiad.dll?Action=10&Form=75&Value=462260}
}

@article{Gromov2011,
    title = {{Structures , Learning and Ergosystems}},
    year = {2011},
    journal = {Structures, Learning and Ergosystems},
    author = {Gromov, Mikhail Leonidovich},
    pages = {1--159}
}

@article{Strocchi2008,
    title = {{Symmetry breaking}},
    year = {2008},
    journal = {Lecture Notes in Physics},
    author = {Strocchi, F.},
    volume = {732},
    isbn = {9783540735922},
    doi = {10.1007/978-3-540-73593-9},
    issn = {00758450}
}

@article{Shaw2003,
    title = {{The agent-environment interface: Simon's indirect or Gibson's direct coupling?}},
    year = {2003},
    journal = {Ecological Psychology},
    author = {Shaw, Robert E},
    number = {1},
    pages = {37--106},
    volume = {15},
    isbn = {1040-7413},
    doi = {10.1207/S15326969ECO1501{\_}04},
    issn = {10407413},
    pmid = {1491}
}

@article{Falkenburg1996,
    title = {{The analysis of particle tracks: A case for trust in the unity of physics}},
    year = {1996},
    journal = {Studies in History and Philosophy of Science Part B - Studies in History and Philosophy of Modern Physics},
    author = {Falkenburg, Brigitte},
    number = {3},
    pages = {337--371},
    volume = {27},
    url = {https://ac-els-cdn-com.clsproxy.library.caltech.edu/S1355219896000056/1-s2.0-S1355219896000056-main.pdf?_tid=76e45cda-ebf7-11e7-a31e-00000aab0f6b&acdnat=1514483554_c86516fc3651a76c6427a329eac26e77},
    doi = {10.1016/S1355-2198(96)00005-6},
    issn = {18792502}
}

@misc{Bruineberg2016,
    title = {{The anticipating brain is not a scientist: the free-energy principle from an ecological-enactive perspective}},
    year = {2016},
    booktitle = {Synthese},
    author = {Bruineberg, Jelle and Kiverstein, Julian and Rietveld, Erik},
    pages = {1--28},
    url = {http://www.juliankiverstein.com},
    doi = {10.1007/s11229-016-1239-1},
    issn = {15730964},
    keywords = {Action-readiness, Active inference, Affordances, Enaction, Free-energy principle, Metastability, Predictive-coding, Skilled intentionality}
}

@article{Nunez1974,
    title = {{The brain wave equation: a model for the EEG}},
    year = {1974},
    journal = {Mathematical Biosciences},
    author = {Nunez, Paul L},
    number = {3-4},
    pages = {279--297},
    volume = {21},
    url = {https://ac-els-cdn-com.clsproxy.library.caltech.edu/0025556474900200/1-s2.0-0025556474900200-main.pdf?_tid=417615ea-fbb3-11e7-8440-00000aacb361&acdnat=1516213478_5b691161be80ad55324b67cdacb9a209},
    isbn = {1600255564},
    doi = {10.1016/0025-5564(74)90020-0},
    issn = {00255564}
}

@article{Eliasmith2012,
    title = {{The Complex Systems Approach: Rhetoric or Revolution}},
    year = {2012},
    journal = {Topics in Cognitive Science},
    author = {Eliasmith, Chris},
    number = {1},
    pages = {72--77},
    volume = {4},
    isbn = {1756-8765},
    doi = {10.1111/j.1756-8765.2011.01169.x},
    issn = {17568757},
    pmid = {22253179},
    keywords = {Computation, Dynamic systems theory, Dynamics, Representation}
}

@article{Shapere1982,
    title = {{THE CONCEPT OF OBSERVATION IN SCIENCE}},
    year = {1982},
    journal = {Philosophy of Science},
    author = {Shapere, Dudley},
    number = {4},
    pages = {485--525},
    volume = {49},
    url = {http://www.jstor.org/stable/187163 http://about.jstor.org/terms}
}

@article{Houtappel1965,
    title = {{The conceptual basis and use of the geometric invariance principles}},
    year = {1965},
    journal = {Reviews of Modern Physics},
    author = {Houtappel, R M F and Van Dam, H and Wigner, E. P.},
    number = {4},
    pages = {595--632},
    volume = {37},
    url = {https://journals-aps-org.clsproxy.library.caltech.edu/rmp/pdf/10.1103/RevModPhys.37.595},
    isbn = {????},
    doi = {10.1103/RevModPhys.37.595},
    issn = {00346861}
}

@article{Karaca2013,
    title = {{The construction of the Higgs mechanism and the emergence of the electroweak theory}},
    year = {2013},
    journal = {Studies in History and Philosophy of Science Part B - Studies in History and Philosophy of Modern Physics},
    author = {Karaca, Koray},
    number = {1},
    pages = {1--16},
    volume = {44},
    url = {https://ac-els-cdn-com.clsproxy.library.caltech.edu/S135521981200041X/1-s2.0-S135521981200041X-main.pdf?_tid=772bc78a-ee5b-11e7-948c-00000aab0f26&acdnat=1514746407_402ffc58dc472e51e8a8c512a0a8d882},
    doi = {10.1016/j.shpsb.2012.05.003},
    issn = {13552198},
    keywords = {Electroweak theory, Goldstone theorem, Higgs boson, Higgs mechanism, Quantum field theory, Spontaneous symmetry breaking, Zero-mass problem of Yang-Mills theory}
}

@incollection{Heisenberg1955,
    title = {{The Development of the Interpretation of the Quantum Theory}},
    year = {1955},
    booktitle = {Niels Bohr and the Development of Physics},
    author = {Heisenberg, W.},
    editor = {Pauli, W. and Rosenfeld, L. and Weisskopf, V.},
    chapter = {2},
    pages = {12--29},
    publisher = {McGraw-Hill},
    address = {New York}
}

@article{Opitz2009,
    title = {{The Differential Geometric View of Statistics and Estimation}},
    year = {2009},
    journal = {GI Jahrestagung},
    author = {Opitz, Felix},
    pages = {2296--2306},
    url = {https://subs.emis.de/LNI/Proceedings/Proceedings154/gi-proc-154-197.pdf},
    isbn = {9783885792482}
}

@article{VanGelder1998,
    title = {{The dynamical hypothesis in cognitive science}},
    year = {1998},
    journal = {Behavioral and Brain Sciences},
    author = {van Gelder, Tim},
    number = {5},
    pages = {615--628},
    volume = {21},
    url = {https://www-cambridge-org.clsproxy.library.caltech.edu/core/services/aop-cambridge-core/content/view/C121F1B65A534F3E7A27075EE489AD1E/S0140525X9800173Xa.pdf/dynamical_hypothesis_in_cognitive_science.pdf http://journals.cambridge.org/action/displayAbstract},
    isbn = {0140-525X{\textbackslash}n1469-1825{\textbackslash}nCambridge University Press},
    doi = {10.1017/S0140525X98001733},
    issn = {0140-525X},
    pmid = {10097022},
    keywords = {cognition, computability, computational systems, computers, dynamical systems, modeling, systems, time}
}

@article{Beer2003,
    title = {{The Dynamics of Active Categorical Perception in an Evolved Model Agent}},
    year = {2003},
    journal = {Adaptive Behavior},
    author = {Beer, Randall D},
    number = {4},
    pages = {209--243},
    volume = {11},
    url = {https://pdfs.semanticscholar.org/21fd/f6651eb083c5f8da95b1aa23f9b1f413f2ce.pdf},
    isbn = {1059-7123},
    doi = {10.1177/1059712303114001},
    issn = {10597123},
    keywords = {categorical perception, dynamics, minimally-cognitive behavior}
}

@book{Gibson1979,
    title = {{The ecological approach to visual perception}},
    year = {1979},
    author = {Gibson, James J},
    edition = {Psychology},
    publisher = {Lawrence Earlbaum Associates},
    isbn = {1848725787}
}

@article{Hepp2009,
    title = {{The Eye of a Mathematical Physicist}},
    year = {2009},
    journal = {J. Stat. Physics},
    author = {Hepp, Klaus},
    number = {March},
    pages = {1033--1057},
    volume = {134},
    doi = {10.1007/s10955-009-9719-z},
    keywords = {brain mathematics, computational neuroscience, eye movements, vision}
}

@misc{Buckley2017,
    title = {{The free energy principle for action and perception: A mathematical review}},
    year = {2017},
    booktitle = {Journal of Mathematical Psychology},
    author = {Buckley, Christopher L and Kim, Chang Sub and McGregor, Simon and Seth, Anil K.},
    pages = {55--79},
    volume = {81},
    url = {https://docuserve.library.caltech.edu/illiad/illiad.dll?Action=10&Form=75&Value=461851},
    doi = {10.1016/j.jmp.2017.09.004},
    issn = {10960880},
    arxivId = {1705.09156},
    keywords = {Action, Agent-based model, Bayesian brain, Free energy principle, Inference, Perception}
}

@misc{Friston2010,
    title = {{The free-energy principle: A unified brain theory?}},
    year = {2010},
    booktitle = {Nature Reviews Neuroscience},
    author = {Friston, Karl},
    number = {2},
    pages = {127--138},
    volume = {11},
    url = {http://www.nature.com.clsproxy.library.caltech.edu/articles/nrn2787.pdf},
    isbn = {1471-0048 (Electronic){\textbackslash}r1471-003X (Linking)},
    doi = {10.1038/nrn2787},
    issn = {1471003X},
    pmid = {20068583},
    arxivId = {arXiv:1507.02142v2}
}

@article{Betancourt2017,
    title = {{The Geometric Foundations of Hamiltonian Monte Carlo}},
    year = {2017},
    journal = {Bernoulli},
    author = {Betancourt, M. J. and Byrne, Simon and Livingstone, Samuel and Girolami, Mark},
    number = {4A},
    pages = {2257--2298},
    volume = {23},
    url = {https://projecteuclid.org/download/pdfview_1/euclid.bj/1494316818 http://arxiv.org/abs/1410.5110},
    doi = {10.3150/16-BEJ810},
    issn = {1350-7265},
    arxivId = {1410.5110},
    keywords = {Hamiltonian Monte Carlo, Markov chain Monte Carlo, Riemannian geometry, differential geometry, disintegration, fiber bundle, smooth manifold, symplectic geometry}
}

@article{Daniel1980,
    title = {{The Geometrical Setting of Gauge Theories of the Yang- Mills Type}},
    year = {1980},
    journal = {Reviews of Modern Physics},
    author = {Daniel, M. and Viallet, C. M.},
    number = {I},
    pages = {175--197},
    volume = {52}
}

@article{VanDijk2014,
    title = {{The horizontal worldview: A Wittgensteinian attitude towards scientific psychology}},
    year = {2014},
    journal = {Theory {\&} Psychology},
    author = {Van Dijk, Ludger and Withagen, Rob},
    number = {1},
    pages = {3--18},
    volume = {24},
    url = {https://docuserve.library.caltech.edu/illiad/illiad.dll?Action=10&Form=75&Value=475617},
    doi = {10.1177/0959354313517415}
}

@article{Dirac1933,
    title = {{The Lagrangian in Quantum Mechanics}},
    year = {1933},
    journal = {Physikalische Zeitschrift der Sowjetunion},
    author = {Dirac, P A M},
    number = {1},
    pages = {64--72},
    volume = {3}
}

@article{Darrigol1986,
    title = {{The Origin of Quantized Matter Waves}},
    year = {1986},
    journal = {Historical Studies in the Physical and Biological Sciences},
    author = {Darrigol, Olivier},
    number = {2},
    pages = {197--253},
    volume = {16},
    url = {https://docuserve.library.caltech.edu/illiad/illiad.dll?Action=10&Form=75&Value=464798},
    isbn = {9780520250611},
    doi = {10.1525/boom.2013.3.4.67.B},
    issn = {0730-7829}
}

@article{Dirac1927,
    title = {{The Physical Interpretation of the Quantum Dynamics}},
    year = {1927},
    journal = {Proceedings of the Royal Society of London. Series A},
    author = {Dirac, P A M},
    number = {765},
    pages = {621 LP - 641},
    volume = {113},
    url = {http://rspa.royalsocietypublishing.org.clsproxy.library.caltech.edu/content/royprsa/113/765/621.full.pdf http://rspa.royalsocietypublishing.org/content/113/765/621.abstract}
}

@article{Caelli1976,
    title = {{The prediction of interactions between visual forms by products of lie operators}},
    year = {1976},
    journal = {Mathematical Biosciences},
    author = {Caelli, T M},
    number = {3-4},
    pages = {191--204},
    volume = {30},
    url = {https://ac-els-cdn-com.clsproxy.library.caltech.edu/0025556476900651/1-s2.0-0025556476900651-main.pdf?_tid=080ffa5a-fbb3-11e7-978f-00000aab0f26&acdnat=1516213381_3eb616f64a36a2724843988fe05fb380},
    isbn = {0025-5564},
    doi = {10.1016/0025-5564(76)90065-1},
    issn = {00255564}
}

@article{Bohr1928,
    title = {{The Quantum Postulate and The Recent Development of Atomic Theory}},
    year = {1928},
    journal = {Nature},
    author = {Bohr, Neils},
    pages = {580--590},
    volume = {121},
    url = {http://www.nature.com.clsproxy.library.caltech.edu/articles/121580a0.pdf},
    isbn = {doi:10.1038/121580a0},
    issn = {18760503}
}

@article{Bohr1924,
    title = {{The Quantum Theory of Radiation}},
    year = {1924},
    journal = {Philos. Mag.},
    author = {Bohr, Niels and Kramers, H.A. and Slater, J.C.},
    number = {281},
    pages = {785--802},
    volume = {47},
    url = {https://docuserve.library.caltech.edu/illiad/illiad.dll?Action=10&Form=75&Value=472911}
}

@article{Dirac1927a,
    title = {{The Quantum Theory of the Emission and Absorption of Radiation}},
    year = {1927},
    journal = {Proceedings of the Royal Society A: Mathematical, Physical and Engineering Sciences},
    author = {Dirac, P A M},
    number = {767},
    pages = {243--265},
    volume = {114},
    url = {http://rspa.royalsocietypublishing.org.clsproxy.library.caltech.edu/content/royprsa/114/767/243.full.pdf http://rspa.royalsocietypublishing.org/cgi/doi/10.1098/rspa.1927.0039},
    isbn = {1364-5021 1471-2946},
    doi = {10.1098/rspa.1927.0039},
    issn = {1364-5021},
    pmid = {1354382},
    arxivId = {arXiv:cond-mat/0511310},
    archivePrefix = {arXiv},
    eprint = {0511310},
    primaryClass = {cond-mat}
}

@misc{Wilson1974,
    title = {{The renormalization group and the ??{\{}lunate{\}} expansion}},
    year = {1974},
    booktitle = {Physics Reports},
    author = {Wilson, Kenneth G. and Kogut, J.},
    number = {2},
    pages = {75--199},
    volume = {12},
    url = {https://ac-els-cdn-com.clsproxy.library.caltech.edu/0370157374900234/1-s2.0-0370157374900234-main.pdf?_tid=d2361e92-d21c-11e7-9a0b-00000aacb361&acdnat=1511640877_6514f5e2fb84c95d4f4da553b10f1821 http://linkinghub.elsevier.com/retrieve/pii/0370157374900234},
    isbn = {9780511789984},
    doi = {10.1016/0370-1573(74)90023-4},
    issn = {03701573},
    arxivId = {astro-ph/0610886}
}

@article{Wilson1974a,
    title = {{The renormalization group and the {$\epsilon$} expansion}},
    year = {1974},
    journal = {Physics Reports},
    author = {Wilson, K},
    number = {2},
    pages = {75--199},
    volume = {12},
    url = {http://linkinghub.elsevier.com/retrieve/pii/0370157374900234},
    isbn = {9780511789984},
    doi = {10.1016/0370-1573(74)90023-4},
    issn = {03701573},
    arxivId = {astro-ph/0610886}
}

@incollection{Shaw1974,
    title = {{The role of symmetry in event perception}},
    year = {1974},
    booktitle = {Perception: Essays in Honour of ]ames Gibson},
    author = {Shaw, Robert E and McIntyre, M and Mace, William M},
    chapter = {16.},
    pages = {276--310},
    publisher = {Cornell University Press},
    issn = {0801408350}
}

@book{VanFraassen1980,
    title = {{The scientific image}},
    year = {1980},
    booktitle = {Clarendon library of logic and philosophy},
    author = {Van Fraassen, Bas C},
    number = {1},
    pages = {xi, 235 p.},
    volume = {33},
    publisher = {Clarendon Press},
    url = {http://dx.doi.org/10.1093/0198244274.001.0001},
    address = {Oxford},
    isbn = {019824424X},
    doi = {10.1093/0198244274.001.0001},
    issn = {00122173},
    pmid = {96017},
    keywords = {Science Philosophy.}
}

@article{Stoffregen2017,
    title = {{The Senses Considered as One Perceptual System}},
    year = {2017},
    journal = {Ecological Psychology},
    author = {Stoffregen, Thomas A and Mantel, Bruno and Bardy, BenoÃ®t G},
    number = {3},
    pages = {165--197},
    volume = {29},
    isbn = {0313239614},
    doi = {10.1080/10407413.2017.1331116},
    issn = {10407413}
}

@article{Jarvilehto2009,
    title = {{The theory of the organism-environment system as a basis of experimental work in psychology}},
    year = {2009},
    journal = {Ecological Psychology},
    author = {J{\"{a}}rvilehto, Timo},
    number = {2},
    pages = {112--120},
    volume = {21},
    isbn = {1040-7413},
    doi = {10.1080/10407410902877066},
    issn = {10407413}
}

@article{Cramer1986,
    title = {{The Transactional Interpretation of Quantum Mechanics}},
    year = {1986},
    journal = {Reviews of Modern Physics},
    author = {Cramer, John G.},
    number = {3},
    pages = {647--687},
    volume = {58},
    url = {https://journals-aps-org.clsproxy.library.caltech.edu/rmp/pdf/10.1103/RevModPhys.58.647}
}

@article{Cramer1986a,
    title = {{The transactional interpretation of quantum mechanics}},
    year = {1986},
    journal = {Reviews of Modern Physics},
    author = {Cramer, John G},
    number = {3},
    pages = {647--687},
    volume = {58},
    url = {https://journals-aps-org.clsproxy.library.caltech.edu/rmp/pdf/10.1103/RevModPhys.58.647},
    isbn = {9780521764155},
    doi = {10.1103/RevModPhys.58.647},
    issn = {00346861}
}

@article{Falkenburg1988,
    title = {{The Unifying Role of Symmetry Principles in Particle Physics}},
    year = {1988},
    journal = {Ratio},
    author = {Falkenburg, Brigitte},
    number = {2},
    pages = {113--134},
    volume = {1},
    url = {https://docuserve.library.caltech.edu/illiad/illiad.dll?Action=10&Form=75&Value=463004}
}

@misc{Moore2015,
    title = {{The What and Where of Visual Attention}},
    year = {2015},
    booktitle = {Neuron},
    author = {Moore, Tirin and Zirnsak, Marc},
    number = {4},
    pages = {626--628},
    volume = {88},
    url = {http://www.cell.com/neuron/pdf/S0896-6273(15)00984-8.pdf},
    isbn = {1097-4199 (Electronic) 0896-6273 (Linking)},
    doi = {10.1016/j.neuron.2015.11.005},
    issn = {10974199},
    pmid = {26590339}
}

@article{Bardeen1957,
    title = {{Theory of superconductivity}},
    year = {1957},
    journal = {Physical Review},
    author = {Bardeen, John and Cooper, Leon N and Schrieffer, J R},
    number = {5},
    pages = {1175--1204},
    volume = {108},
    url = {https://docuserve.library.caltech.edu/illiad/illiad.dll?Action=10&Form=75&Value=460280 http://link.aps.org/doi/10.1103/PhysRev.108.1175},
    isbn = {0738201200},
    doi = {10.1103/PhysRev.108.1175},
    issn = {0031899X},
    pmid = {9986329},
    arxivId = {1101.0277}
}

@article{Craver2007,
    title = {{Top-down causation without top-down causes}},
    year = {2007},
    journal = {Biology and Philosophy},
    author = {Craver, Carl F and Bechtel, William},
    number = {4},
    pages = {547--563},
    volume = {22},
    url = {https://mechanism.ucsd.edu/research/topdownfinal.pdf},
    isbn = {0169-3867},
    doi = {10.1007/s10539-006-9028-8},
    issn = {01693867},
    pmid = {21892179},
    keywords = {Constitution, Emergence, Explanation, Interlevel causation, Levels, Mechanisms, Reduction, Top-down causation}
}

@article{Kadar2000,
    title = {{Toward an Ecological Field Theory of Perceptual Control of Locomotion}},
    year = {2000},
    journal = {Ecological Psychology},
    author = {Kadar, Endre E. and Shaw, Robert E},
    number = {2},
    pages = {141--180},
    volume = {12},
    url = {http://www.tandfonline.com/doi/abs/10.1207/S15326969ECO1202_02},
    isbn = {1040-7413},
    doi = {10.1207/S15326969ECO1202{\_}02},
    issn = {1040-7413},
    pmid = {232}
}

@article{Blum2017,
    title = {{Translation as heuristics: Heisenberg×³s turn to matrix mechanics}},
    year = {2017},
    journal = {Studies in History and Philosophy of Science Part B - Studies in History and Philosophy of Modern Physics},
    author = {Blum, Alexander and J{\"{a}}hnert, Martin and Lehner, Christoph and Renn, JÃ¼rgen},
    pages = {3--22},
    volume = {60},
    url = {https://docuserve.library.caltech.edu/illiad/illiad.dll?Action=10&Form=75&Value=462294},
    doi = {10.1016/j.shpsb.2017.03.005},
    issn = {18792502}
}

@article{All1997,
    title = {{Two Outbreaks of Lawlessness in Recent Philosophy of Biology}},
    year = {1997},
    journal = {Philosophy of Science},
    author = {Sober, Elliot},
    pages = {S458-S467},
    volume = {64}
}

@inproceedings{Zanca2017,
    title = {{Variational Laws of Visual Attention for Dynamic Scenes}},
    year = {2017},
    booktitle = {31st Conference on Neural Information Processing Systems},
    author = {Zanca, Dario and Gori, Marco},
    number = {Nips},
    url = {http://papers.nips.cc/paper/6972-variational-laws-of-visual-attention-for-dynamic-scenes.pdf},
    address = {Long Beach, CA, USA}
}

@article{Petrusz2008,
    title = {{What does "Lawful" have to mean for self-organizing systems to qualify as such?}},
    year = {2008},
    journal = {Ecological Psychology},
    author = {Petrusz, Stephanie C},
    number = {3},
    pages = {270--277},
    volume = {20},
    isbn = {1040-7413},
    doi = {10.1080/10407410802189398},
    issn = {10407413}
}

@article{DeJaegher2015,
    title = {{What does the interactive brain hypothesis mean for social neuroscience? A dialogue}},
    year = {2016},
    journal = {Philosophical Transactions of the Royal Society B: Biological Sciences},
    author = {De Jaegher, Hanne and Di Paolo, Ezequiel and Adolphs, Ralph},
    number = {1693},
    pages = {20150379},
    volume = {371},
    url = {http://dx.doi.org/10.1098/rstb.2015.0379 http://rstb.royalsocietypublishing.org/lookup/doi/10.1098/rstb.2015.0379},
    isbn = {1471-2970; 0962-8436},
    doi = {10.1098/rstb.2015.0379},
    issn = {0962-8436},
    pmid = {27069056}
}

@article{Christensen2015,
    title = {{What is Disruptive Innovation?}},
    year = {2015},
    journal = {Harvard Business Review},
    author = {Christensen, Clayton M and Raynor, Michael E and McDonald, Rory},
    number = {12},
    volume = {93},
    isbn = {9781580087735},
    doi = {10.1353/abr.2012.0147},
    issn = {00178012},
    pmid = {97508288}
}

@article{Earman1987,
    title = {{What price space time substantivalism the hole story}},
    year = {1987},
    journal = {The British Journal for the Philosophy of Science},
    author = {Earman, John and Norton, John},
    pages = {515--525},
    volume = {38},
    url = {https://watermark.silverchair.com/515.pdf?token=AQECAHi208BE49Ooan9kkhW_Ercy7Dm3ZL_9Cf3qfKAc485ysgAAAaIwggGeBgkqhkiG9w0BBwagggGPMIIBiwIBADCCAYQGCSqGSIb3DQEHATAeBglghkgBZQMEAS4wEQQM1czCXy4vuCmF_K7xAgEQgIIBVfzP6W68kPPaE3P80lV60U5ugP65WRlV8vp7baxxEusujaI1L_V}
}

@article{Clark2013,
    title = {{Whatever next? Predictive brains, situated agents, and the future of cognitive science}},
    year = {2013},
    journal = {Behavioral and Brain Sciences},
    author = {Clark, Andy},
    number = {03},
    pages = {181--204},
    volume = {36},
    url = {http://www.frontiersin.org/Theoretical_and_Philosophical_Psychology/researchtopics/Forethought_as_an_evolutionary/1031 http://www.journals.cambridge.org/abstract_S0140525X12000477},
    isbn = {1469-1825 (Electronic){\textbackslash}r0140-525X (Linking)},
    doi = {10.1017/S0140525X12000477},
    issn = {0140-525X},
    pmid = {23663408},
    arxivId = {0140-525X}
}

@book{Falkenburg2015,
    title = {{Why More Is Different: Philosophical Issues in Condensed Matter Physics and Complex Systems}},
    year = {2015},
    booktitle = {The Frontiers Collection},
    editor = {Falkenburg, Brigitte and Morrison, Margaret},
    publisher = {Springer},
    url = {https://link-springer-com.clsproxy.library.caltech.edu/content/pdf/10.1007%2F978-3-662-43911-1.pdf papers2://publication/uuid/ED5C3731-55BE-4BE0-9E9E-EBFA759B9753},
    isbn = {978-3-662-43910-4},
    doi = {10.1007/978-3-662-43911-1},
    issn = {1612-3018},
    keywords = {Condensed Matter Physics, History and Philosophical Foundations of Physics, Philosophy of Science}
}

@article{Duncan2013NeverTheory,
    title = {{(Never) Mind your p's and q's: Von Neumann versus Jordan on the foundations of quantum theory}},
    year = {2013},
    journal = {European Physical Journal H},
    author = {Duncan, A. and Janssen, M.},
    doi = {10.1140/epjh/e2012-30024-5},
    issn = {21026459},
    arxivId = {1204.6511}
}

@techreport{Betancourt2017ACarlo,
    title = {{A Conceptual Introduction to Hamiltonian Monte Carlo}},
    year = {2017},
    author = {Betancourt, Michael},
    url = {https://arxiv.org/pdf/1701.02434.pdf},
    arxivId = {arXiv:1701.02434v1}
}

@article{Bruno2010AAction,
    title = {{A metanalysis of the effect of the M{\"{u}}ller-Lyer illusion on saccadic eye movements: No general support for a dissociation of perception and oculomotor action}},
    year = {2010},
    journal = {Vision Research},
    author = {Bruno, Nicola and Knox, Paul C. and de Grave, Denise D.J.},
    number = {24},
    month = {12},
    pages = {2671--2682},
    volume = {50},
    doi = {10.1016/j.visres.2010.09.016},
    issn = {00426989},
    keywords = {Action, Meta-analysis, M{\"{u}}ller-Lyer illusion, Perception, Saccades}
}

@article{Malament1985ARelativity,
    title = {{A Modest Remark about Reichenbach, Rotation, and General Relativity}},
    year = {1985},
    journal = {Philosophy of Science},
    author = {Malament, David},
    number = {4},
    month = {11},
    pages = {615--620},
    volume = {52},
    publisher = {University of Chicago Press},
    doi = {10.1086/289280}
}

@article{Mansell2015ARevolution,
    title = {{A perceptual control revolution?}},
    year = {2015},
    journal = {Psychologist},
    author = {Mansell, Warren and Carey, Timothy A.},
    issn = {09528229}
}

@article{Spratling2017AAlgorithms,
    title = {{A review of predictive coding algorithms}},
    year = {2017},
    journal = {Brain and Cognition},
    author = {Spratling, M.W.},
    month = {3},
    pages = {92--97},
    volume = {112},
    publisher = {Academic Press},
    url = {https://www.sciencedirect.com/science/article/abs/pii/S027826261530035X},
    doi = {10.1016/J.BANDC.2015.11.003},
    issn = {0278-2626}
}

@article{Sacks1974AConversation,
    title = {{A Simplest Systematics for the Organization of Turn-Taking for Conversation}},
    year = {1974},
    journal = {Language},
    author = {Sacks, Harvey and Schegloff, Emanuel A and Jefferson, Gail},
    number = {4},
    pages = {696--735},
    volume = {50},
    url = {https://www-jstor-org.clsproxy.library.caltech.edu/stable/pdf/412243.pdf?refreqid=excelsior%3A9bc390d721c306ee2c65eac2e372863c}
}

@article{Liu2017AApplications,
    title = {{A survey of deep neural network architectures and their applications}},
    year = {2017},
    journal = {Neurocomputing},
    author = {Liu, Weibo and Wang, Zidong and Liu, Xiaohui and Zeng, Nianyin and Liu, Yurong and Alsaadi, Fuad E.},
    isbn = {0925-2312},
    doi = {10.1016/j.neucom.2016.12.038},
    issn = {18728286},
    keywords = {Autoencoder, Convolutional neural network, Deep belief network, Deep learning, Restricted Boltzmann machine}
}

@article{Bruno2007AExploration,
    title = {{A visual-haptic Necker cube reveals temporal constraints on intersensory merging during perceptual exploration}},
    year = {2007},
    journal = {Neuropsychologia},
    author = {Bruno, Nicola and Jacomuzzi, Alessandra and Bertamini, Marco and Meyer, Georg},
    number = {3},
    pages = {469--475},
    volume = {45},
    doi = {10.1016/j.neuropsychologia.2006.01.032},
    issn = {00283932},
    keywords = {Haptics, Intersensory conflict, Intersensory merging, Intersensory vetoing, Perceptual exploration, Touch, Vision}
}

@article{Pippard1953AnSuperconductor,
    title = {{An experimental and theoretical study of the relation between magnetic field and current in a superconductor}},
    year = {1953},
    journal = {Proc. Roy. Soc.},
    author = {Pippard, A.B.},
    pages = {547--568},
    volume = {216}
}

@article{Wilson2005AnTurn-taking,
    title = {{An oscillator model of the timing of turn-taking}},
    year = {2005},
    journal = {Psychonomic Bulletin {\&} Review},
    author = {Wilson, M and Wilson, T P},
    number = {6},
    pages = {957--968},
    volume = {12}
}

@article{Pagallo2018ApplesSystems.,
    title = {{Apples, oranges, robots: four misunderstandings in today's debate on the legal status of AI systems.}},
    year = {2018},
    journal = {Philosophical transactions. Series A, Mathematical, physical, and engineering sciences},
    author = {Pagallo, Ugo},
    number = {2133},
    month = {10},
    pages = {20180168},
    volume = {376},
    publisher = {The Royal Society},
    url = {http://www.ncbi.nlm.nih.gov/pubmed/30323004},
    doi = {10.1098/rsta.2018.0168},
    issn = {1471-2962},
    pmid = {30323004},
    keywords = {accountability, artificial intelligence, legal experimentation, liability, robotics}
}

@article{Narayanan2013BehavioralLanguage,
    title = {{Behavioral Signal Processing: Deriving Human Behavioral Informatics From Speech and Language}},
    year = {2013},
    journal = {Proc IEEE Inst Electr Electron Eng Proc IEEE Inst Electr Electron Eng February},
    author = {Narayanan, S. and Panayiotis, G.G.},
    number = {1015},
    pages = {1203--1233},
    volume = {7},
    url = {https://www.ncbi.nlm.nih.gov/pmc/articles/PMC3769794/pdf/nihms500161.pdf},
    doi = {10.1109/JPROC}
}

@article{deGosson2014BornJordanPictures,
    title = {{BornâJordan Quantization and the Equivalence of the Schr{\"{o}}dinger and Heisenberg Pictures}},
    year = {2014},
    journal = {Foundations of Physics},
    author = {de Gosson, Maurice A.},
    isbn = {0015-9018 (Print)0015-9018},
    doi = {10.1007/s10701-014-9831-z},
    issn = {00159018},
    pmid = {26041940},
    arxivId = {1404.6775},
    keywords = {Born and Jordan, Dequantization, Heisenberg picture, Quantization, Schr{\"{o}}dinger picture}
}

@article{Englert1964BrokenMesons,
    title = {{Broken Symmetry and the Mass of Gauge Vector Mesons}},
    year = {1964},
    journal = {Phys. Rev. Lett.},
    author = {Englert, F. and Brout, R.},
    number = {9},
    pages = {321--323},
    volume = {13}
}

@article{Maudlin1993BucketsSubstance,
    title = {{Buckets of Water and Waves of Space: Why Spacetime Is Probably a Substance}},
    year = {1993},
    journal = {Philosophy of Science},
    author = {Maudlin, Tim},
    number = {2},
    month = {11},
    pages = {183--203},
    volume = {60},
    publisher = {University of Chicago Press},
    doi = {10.1086/289728}
}

@article{Rynasiewicz1995ByText,
    title = {{By Their Properties , Causes and Effects : Newtonâs Scholium on Time , Space , Place and Motion-I. The Text}},
    year = {1995},
    journal = {Studies in History and Philosophy of Science Part A},
    author = {Rynasiewicz, Robert},
    number = {1},
    pages = {133--153},
    volume = {26}
}

@article{Rynasiewicz1995ByContext,
    title = {{By Their Properties , Causes and Effects : Newtonâs Scholium on Time , Space , Place and Motion-II . The Context}},
    year = {1995},
    journal = {Studies in History and Philosophy of Science Part A},
    author = {Rynasiewicz, Robert},
    number = {2},
    pages = {295--321},
    volume = {26}
}

@article{Pothos2013CanModeling,
    title = {{Can quantum probability provide a new direction for cognitive modeling?}},
    year = {2013},
    journal = {Behavioral and Brain Sciences},
    author = {Pothos, Emmanuel M and Busemeyer, Jerome R},
    pages = {255--327},
    volume = {36},
    url = {http://www.staff.city.ac.uk/â¼sbbh932/ http://www.staff.city.ac.uk/â¼sbbh932/},
    doi = {10.1017/S0140525X12003007}
}

@article{Fusaroli2012CarvingApproach,
    title = {{Carving language for social coordination: A dynamical approach}},
    year = {2012},
    journal = {Interaction Studies},
    author = {Fusaroli, Riccardo and Tyl{\'{e}}n, Kristian},
    pages = {103--123},
    volume = {13},
    doi = {10.1075/is.13.1.07fus},
    keywords = {adaptivity, affordances, communication, emergence, evolution, interaction, language, linguistic alignment, social coordination, symbolic patterns}
}

@article{Misner1957ClassicalSpace,
    title = {{Classical physics as geometry: Gravitation, elctromagnetism, unquantized charge, and mass as properties of curved empty space}},
    year = {1957},
    journal = {Ann. Phys.},
    author = {Misner, C. and Wheeler, J.},
    pages = {525--603},
    volume = {2}
}

@article{Yang2019Closed-LoopSystems,
    title = {{Closed-Loop Adaptive Monte Carlo Framework for Uncertainty Forecasting in Nonlinear Dynamic Systems}},
    year = {2019},
    journal = {Journal of Guidance, Control, and Dynamics},
    author = {Yang, Chao and Kumar, Mrinal},
    month = {3},
    pages = {1--19},
    url = {https://arc.aiaa.org/doi/10.2514/1.G003853},
    doi = {10.2514/1.G003853},
    issn = {0731-5090}
}

@article{Perez2017CombiningInteractions,
    title = {{Combining recurrence analysis and automatic movement extraction from video recordings to study behavioral coupling in face-to-face parent-child interactions}},
    year = {2017},
    journal = {Frontiers in Psychology},
    author = {P{\'{e}}rez, David LÃ³pez and Leonardi, Giuseppe and Niedzwiecka, Alicja and Radkowska, Alicja and Raczaszek-Leonardi, Joanna and Tomalski, PrzemysÅaw},
    number = {DEC},
    volume = {8},
    doi = {10.3389/fpsyg.2017.02228},
    issn = {16641078}
}

@article{VanEmmerik2016ComparingAnalysis,
    title = {{Comparing dynamical systems concepts and techniques for biomechanical analysis}},
    year = {2016},
    author = {Van Emmerik, Richard E A and Ducharme, Scott W and Amado, Avelino C and Hamill, Joseph},
    url = {http://dx.doi.org/10.1016/j.jshs.2016.01.013},
    doi = {10.1016/j.jshs.2016.01.013},
    keywords = {Adaptability, Complexity, Dynamical systems, Nonlinear dynamics, Stability, Variability}
}

@article{Donoho2006CompressedSensing,
    title = {{Compressed sensing}},
    year = {2006},
    journal = {IEEE Transactions on Information Theory},
    author = {Donoho, David L.},
    isbn = {9780511794308},
    doi = {10.1109/TIT.2006.871582},
    issn = {00189448},
    pmid = {1614066},
    arxivId = {1204.4227v1},
    keywords = {Adaptive sampling, Almost-spherical sections of Banach spaces, Basis Pursuit, Eigenvalues of random matrices, Gel'fand n-widths, Information-based complexity, Integrated sensing and processing, Minimum â1-norm decomposition, Optimal recovery, Quotient-of-a-Subspace theorem, Sparse solution of linear equations}
}

@unpublished{Devlin2005ConfrontingTHEM,
    title = {{Confronting context effects in intelligence analysis: How can mathematics help? USE CAUTION WHEN OPENING AS CONTENTS MAY HAVE SHIFTED SINCE YOU LAST SAW THEM}},
    year = {2005},
    author = {Devlin, Keith},
    url = {https://web.stanford.edu/~kdevlin/Papers/Context_in_Reasoning.pdf}
}

@article{Werner2013ConsciousnessGroup,
    title = {{Consciousness viewed in the framework of brain phase space dynamics, criticality, and the Renormalization Group}},
    year = {2013},
    journal = {Chaos, Solitons and Fractals},
    author = {Werner, Gerhard},
    isbn = {0960-0779},
    doi = {10.1016/j.chaos.2012.03.014},
    issn = {09600779},
    arxivId = {1103.2366}
}

@article{Nemitz2018ConstitutionalIntelligence.,
    title = {{Constitutional democracy and technology in the age of artificial intelligence.}},
    year = {2018},
    journal = {Philosophical transactions. Series A, Mathematical, physical, and engineering sciences},
    author = {Nemitz, Paul},
    number = {2133},
    month = {10},
    pages = {20180089},
    volume = {376},
    publisher = {The Royal Society},
    url = {http://www.ncbi.nlm.nih.gov/pubmed/30323003},
    doi = {10.1098/rsta.2018.0089},
    issn = {1471-2962},
    pmid = {30323003},
    keywords = {GDPR, artificial intelligence, democracy, digital power, ethics, law, rule of law}
}

@article{Earman2004CuriesBreaking,
    title = {{Curie's Principle and Spontaneous Symmetry Breaking}},
    year = {2004},
    journal = {Int.J.Phil.Sci.},
    author = {Earman, J.},
    number = {2{\&}3},
    pages = {173--198},
    volume = {18}
}

@article{Harambam2018DemocratizingEcosystem.,
    title = {{Democratizing algorithmic news recommenders: how to materialize voice in a technologically saturated media ecosystem.}},
    year = {2018},
    journal = {Philosophical transactions. Series A, Mathematical, physical, and engineering sciences},
    author = {Harambam, Jaron and Helberger, Natali and van Hoboken, Joris},
    number = {2133},
    month = {10},
    pages = {20180088},
    volume = {376},
    publisher = {The Royal Society},
    url = {http://www.ncbi.nlm.nih.gov/pubmed/30323002 http://www.pubmedcentral.nih.gov/articlerender.fcgi?artid=PMC6191663},
    doi = {10.1098/rsta.2018.0088},
    issn = {1471-2962},
    pmid = {30323002},
    keywords = {algorithms, news media, persona, personalization, transparency, voice}
}

@article{Fusaroli2014DialogSynergy,
    title = {{Dialog as interpersonal synergy}},
    year = {2014},
    journal = {New Ideas in Psychology},
    author = {Fusaroli, Riccardo and Raczaszek-Leonardi, Joanna and Tyl{\'{e}}n, Kristian},
    isbn = {0732-118X},
    doi = {10.1016/j.newideapsych.2013.03.005},
    issn = {0732118X},
    keywords = {Alignment, Complementarity, Interpersonal coordination, Linguistic coordination, Social interaction, Synergy}
}

@article{Peterson1991DirectingDescriptions,
    title = {{Directing Spatial Attention Within an Object: Altering the Functional Equivalence of Shape Descriptions}},
    year = {1991},
    journal = {Journal of Experimental Psychology: Human Perception and Performance},
    author = {Peterson, Mary A. and Gibson, Bradley S.},
    number = {1},
    month = {2},
    pages = {170--182},
    volume = {17},
    doi = {10.1037/0096-1523.17.1.170},
    issn = {00961523}
}

@article{DeliveryDocuServe,
    title = {{DocuServe}},
    author = {Delivery, Electronic and Sheet, Cover}
}

@article{DeliveryDocuServeb,
    title = {{DocuServe}},
    author = {Delivery, Electronic and Sheet, Cover}
}

@article{DeliveryDocuServec,
    title = {{DocuServe}},
    author = {Delivery, Electronic and Sheet, Cover}
}

@article{DeliveryDocuServed,
    title = {{DocuServe}},
    author = {Delivery, Electronic and Sheet, Cover}
}

@article{Progress2016DreamWorksThesis,
    title = {{DreamWorks Animation Behavior as a Service ( BaaS ) Behavior as a Service Thesis}},
    year = {2016},
    author = {Progress, Current and Plan, Clear and State, Current},
    pages = {1--17}
}

@article{Hosoya2005DynamicRetina,
    title = {{Dynamic predictive coding by the retina}},
    year = {2005},
    journal = {Nature},
    author = {Hosoya, Toshihiko and Baccus, Stephen A and Meister, Markus},
    pages = {71--77},
    volume = {436},
    url = {http://www.nature.com.clsproxy.library.caltech.edu/articles/nature03689.pdf},
    doi = {10.1038/nature03689}
}

@article{Amari1977DynamicsFields,
    title = {{Dynamics of pattern formation in lateral-inhibition type neural fields}},
    year = {1977},
    journal = {Biol. Cybernetics},
    author = {Amari, Shun-Ichi},
    number = {2},
    pages = {77--87},
    volume = {27},
    url = {https://docuserve.library.caltech.edu/illiad/illiad.dll?Action=10&Form=75&Value=463573}
}

@article{Pagano1992EigenvectorsTouch,
    title = {{Eigenvectors of the inertia tensor and perceiving the orientation of a hand-held object by dynamic touch}},
    year = {1992},
    journal = {Perception {\&} Psychophysics},
    author = {Pagano, Christopher C and Turvey, Michael T},
    number = {6},
    pages = {617--624},
    volume = {52},
    publisher = {Hum Kinet Publ Inc},
    keywords = {Body scheme, Kinesthesis, Peripheral neuropathy, Proprioception, Prosthesis, Touch}
}

@article{Norton1992EinsteinGravitation,
    title = {{Einstein , Nordstr{\"{o}}m and the Early Demise of Scalar , Lorentz Covariant Theories of Gravitation}},
    year = {1992},
    journal = {Archive for History of Exact Sciences},
    author = {Norton, John D},
    number = {1},
    pages = {17--94},
    volume = {45}
}

@misc{EinsteinPhysics.pdf,
    title = {{Einstein 1925 - Non-euclidean geometry and physics.pdf}}
}

@article{Primas1998EMERGENCESCIENCES,
    title = {{EMERGENCE IN EXACT NATURAL SCIENCES}},
    year = {1998},
    journal = {Acta Polytechnica Scandinavica Ma},
    author = {Primas, Hans},
    pages = {83--98},
    volume = {91},
    url = {http://philsci-archive.pitt.edu/953/1/EmergenceInExactSciences.pdf}
}

@article{Dale2018EquationsSystems,
    title = {{Equations of mind: Data science for inferring nonlinear dynamics of socio-cognitive systems}},
    year = {2018},
    journal = {Cognitive Systems Research},
    author = {Dale, Rick and Bhat, Harish S.},
    volume = {52},
    doi = {10.1016/j.cogsys.2018.06.020},
    issn = {13890417}
}

@article{GibsonEssaysPerception,
    title = {{Essays in Honor in Event Perception}},
    author = {Gibson, James J and Macleod, Robert B and Pick, Herbert L and Shaw, Robert E and Mclntyre, Michael and Mace, William}
}

@article{Winfield2018EthicalSystems.,
    title = {{Ethical governance is essential to building trust in robotics and artificial intelligence systems.}},
    year = {2018},
    journal = {Philosophical transactions. Series A, Mathematical, physical, and engineering sciences},
    author = {Winfield, Alan F T and Jirotka, Marina},
    number = {2133},
    month = {10},
    pages = {20180085},
    volume = {376},
    publisher = {The Royal Society},
    url = {http://www.ncbi.nlm.nih.gov/pubmed/30323000 http://www.pubmedcentral.nih.gov/articlerender.fcgi?artid=PMC6191667},
    doi = {10.1098/rsta.2018.0085},
    issn = {1471-2962},
    pmid = {30323000},
    keywords = {artificial intelligence ethics, governance, responsible innovation, robot ethics, standards, trust}
}

@article{Mantel2015ExploratoryDistance,
    title = {{Exploratory Movement Generates Higher-Order Information That Is Sufficient for Accurate Perception of Scaled Egocentric Distance}},
    year = {2015},
    journal = {PLoS ONE},
    author = {Mantel, Bruno and Stoffregen, Thomas A and Campbell, Alain and Bardy, BenoÃ®t G},
    number = {4},
    pages = {120025},
    volume = {10},
    url = {http://journals.plos.org/plosone/article/file?id=10.1371/journal.pone.0120025&type=printable},
    doi = {10.1371/journal}
}

@article{Elman1990FindingTime,
    title = {{Finding Structure in Time}},
    year = {1990},
    journal = {Cognitive Science},
    author = {Elman, Jeffrey L},
    pages = {179--211},
    volume = {14},
    url = {https://ac-els-cdn-com.clsproxy.library.caltech.edu/036402139090002E/1-s2.0-036402139090002E-main.pdf?_tid=74833881-39a5-4e81-a61a-34774fd9df85&acdnat=1542991640_935a9b11521bc6e7e8bcd6fa3a75c4a5}
}

@book{Santilli1978FoundationsMechanics,
    title = {{Foundations of Theoretical Mechanics I: The Inverse Problem in Newtonian Mechanics}},
    year = {1978},
    author = {Santilli, Ruggero Maria},
    publisher = {Springer-Verlag},
    address = {New York}
}

@article{NucciFromSymmetries,
    title = {{From Lagrangian to Quantum Mechanics with Symmetries}},
    journal = {J. Phys.: Conf. Ser},
    author = {Nucci, M C},
    volume = {380},
    url = {http://iopscience.iop.org/article/10.1088/1742-6596/380/1/012008/pdf}
}

@article{Amazeen2018FromDynamics,
    title = {{From physics to social interactions: Scientific unification via dynamics}},
    year = {2018},
    journal = {Cognitive Systems Research},
    author = {Amazeen, Polemnia G.},
    number = {1},
    pages = {640--657},
    volume = {52},
    doi = {10.1016/j.cogsys.2018.07.033},
    keywords = {Coordination, Dynamics, Modeling, Multifractal, Nesting, Social}
}

@article{Schwinger1962GaugeMass,
    title = {{Gauge invariance and Mass}},
    year = {1962},
    journal = {Phys. Rev.},
    author = {Schwinger, J.},
    number = {1},
    pages = {397--398},
    volume = {125}
}

@article{Sieroka2010GeometrizationWeyl,
    title = {{Geometrization versus transcendent matter: A systematic historiography of theories of matter following weyl}},
    year = {2010},
    journal = {British Journal for the Philosophy of Science},
    author = {Sieroka, Norman},
    number = {4},
    month = {12},
    pages = {769--802},
    volume = {61},
    doi = {10.1093/bjps/axq007},
    issn = {00070882}
}

@article{Belot2000GeometryMotion,
    title = {{Geometry and Motion}},
    year = {2000},
    journal = {British Journal for the Philosophy of Science},
    author = {Belot, Gordon},
    pages = {561--595},
    volume = {51},
    url = {http://www.jstor.org/stable/3541608}
}

@article{Cath2018GoverningChallenges.,
    title = {{Governing artificial intelligence: ethical, legal and technical opportunities and challenges.}},
    year = {2018},
    journal = {Philosophical transactions. Series A, Mathematical, physical, and engineering sciences},
    author = {Cath, Corinne},
    number = {2133},
    month = {10},
    pages = {20180080},
    volume = {376},
    publisher = {The Royal Society},
    url = {http://www.ncbi.nlm.nih.gov/pubmed/30322996 http://www.pubmedcentral.nih.gov/articlerender.fcgi?artid=PMC6191666},
    doi = {10.1098/rsta.2018.0080},
    issn = {1471-2962},
    pmid = {30322996},
    keywords = {artificial intelligence, culture, ethics, governance, law, technology}
}

@incollection{Hochberg1974Higher-OrderWorld,
    title = {{Higher-Order Stimuli and Inter-Response Coupling in the Perception of the Visual World}},
    year = {1974},
    booktitle = {Perception: Essays in honor of James J. Gibson},
    author = {Hochberg, Julian},
    editor = {Macleod, Robert B and Pick, Herbert L},
    chapter = {1},
    pages = {17--39},
    publisher = {Cornell University Press},
    address = {Ithaca, NY}
}

@article{Grossman1974HolonomicGeodesy,
    title = {{Holonomic Measurables in Geodesy}},
    year = {1974},
    journal = {Journal of Geophysical Research},
    author = {Grossman, Nathaniel},
    number = {5},
    pages = {689--694},
    volume = {79}
}

@article{CatenacciVolpi2014HowModel,
    title = {{How active perception and attractor dynamics shape perceptual categorization: A computational model}},
    year = {2014},
    journal = {Neural Networks},
    author = {Catenacci Volpi, Nicola and Quinton, Jean Charles and Pezzulo, Giovanni},
    volume = {60},
    isbn = {0893-6080},
    doi = {10.1016/j.neunet.2014.06.008},
    issn = {18792782},
    pmid = {25105744}
}

@article{VanOrden2005HumanScaling,
    title = {{Human Cognition and 1/f Scaling}},
    year = {2005},
    journal = {Experimental Psychology: General},
    author = {Van Orden, Guy C and Holden, John G and Turvey, Michael T},
    number = {1},
    pages = {117--123},
    volume = {134},
    url = {http://www.csun.edu/~jgh62212/rsrch/VanOrdenHoldenTurvey_2005.pdf},
    doi = {10.1037/0096-3445.134.1.117}
}

@article{Darwiche2018Human-LevelAbilities,
    title = {{Human-Level Intelligence or Animal-Like Abilities}},
    year = {2018},
    journal = {CACM},
    author = {Darwiche, Adnan},
    number = {10},
    pages = {56--67},
    volume = {61},
    url = {https://www.youtube.com/watch?v=zHjdd--W6o4},
    isbn = {10.1145/3271625},
    doi = {10.1145/3271625}
}

@techreport{Sklar1976INERTIAMETAPHYSICS,
    title = {{INERTIA, GRAVITATION AND METAPHYSICS}},
    year = {1976},
    booktitle = {Philosophy of Science},
    author = {Sklar, Lawrence},
    pages = {1--23},
    volume = {43},
    url = {https://about.jstor.org/terms}
}

@book{2017INFORMATIONKnowledge,
    title = {{INFORMATION AND INTERACTION: Eddington, Wheeler, and the Limits of Knowledge}},
    year = {2017},
    editor = {Durham, Ian T. and Rickles, Dean},
    publisher = {Springer},
    url = {https://link-springer-com.clsproxy.library.caltech.edu/content/pdf/10.1007%2F978-3-319-43760-6.pdf}
}

@article{Knuth2010InformationFrontier,
    title = {{Information Physics: The New Frontier}},
    year = {2010},
    author = {Knuth, Kevin H},
    url = {https://arxiv.org/pdf/1009.5161.pdf},
    arxivId = {arXiv:1009.5161v1},
    keywords = {entropy, information physics, lattice, measure, order, poset, probability, quantification, quantum mechanics, relativity, valuation PACS}
}

@article{Paxton2017InterpersonalConstraints,
    title = {{Interpersonal movement synchrony responds to high- and low-level conversational constraints}},
    year = {2017},
    journal = {Frontiers in Psychology},
    author = {Paxton, Alexandra and Dale, Rick},
    number = {JUL},
    volume = {8},
    doi = {10.3389/fpsyg.2017.01135},
    issn = {16641078},
    pmid = {28804466}
}

@article{Nozick1998InvarianceObjectivity,
    title = {{Invariance and Objectivity}},
    year = {1998},
    journal = {Proceedings and Addresses of the American Philosophical Association},
    author = {Nozick, Robert},
    number = {2},
    pages = {21--48},
    volume = {72},
    url = {http://www.jstor.org/stable/3130880 http://www.jstor.org/stable/3130880}
}

@book{Pym1990InvestigationsTypes,
    title = {{Investigations into proof-search in a system of first-order dependent function types}},
    year = {1990},
    booktitle = {Lecture Notes in Computer Science (including subseries Lecture Notes in Artificial Intelligence and Lecture Notes in Bioinformatics)},
    author = {Pym, D. and Wallen, L.},
    number = {},
    volume = {449 LNAI},
    isbn = {9783540528852},
    doi = {10.1007/3-540-52885-7{\_}91},
    issn = {16113349}
}

@article{Bruza2009IsLexicon,
    title = {{Is there something quantum-like about the human mental lexicon?}},
    year = {2009},
    journal = {Journal of Mathematical Psychology},
    author = {Bruza, Peter and Kitto, Kirsty and Nelson, Douglas and Mcevoy, Cathy},
    pages = {362--377},
    volume = {53},
    url = {https://ac.els-cdn.com/S0022249609000455/1-s2.0-S0022249609000455-main.pdf?_tid=0bb9685b-2d7a-40ba-a21c-5a2213f66186&acdnat=1522447340_7452db5754936b67cebd19fa678c6402},
    doi = {10.1016/j.jmp.2009.04.004},
    keywords = {Contextuality, Human memory experiments, Quantum interaction, Quantum theory, Semantic structure}
}

@article{Pylyshyn1999IsPerception,
    title = {{Is vision continuous with cognition? The case for cognitive impenetrability of visual perception}},
    year = {1999},
    journal = {Behavioral and Brain Sciences},
    author = {Pylyshyn, Zenon W},
    pages = {341--423},
    volume = {22},
    url = {https://www-cambridge-org.clsproxy.library.caltech.edu/core/services/aop-cambridge-core/content/view/87D01D78F39B364E761277F0DD450797/S0140525X9900202Xa.pdf/is_vision_continuous_with_cognition_the_case_for_cognitive_impenetrability_of_visual_perception.pd}
}

@incollection{Mace1977JamesPerceiving,
    title = {{James J Gibson's Strategy for Perceiving}},
    year = {1977},
    booktitle = {Perceiving, Acting, and Knowing},
    author = {Mace, William M},
    chapter = {2},
    pages = {43--66},
    publisher = {Lawrence Erlbaum Associates},
    address = {Hillsdale, NJ}
}

@article{JussiThesis,
    title = {{Jussi Thesis}}
}

@article{Raczaszek-Leonardi2018LanguageSymbols,
    title = {{Language Development From an Ecological Perspective: Ecologically Valid Ways to Abstract Symbols}},
    year = {2018},
    journal = {Ecological Psychology},
    author = {R{\c{a}}czaszek-Leonardi, Joanna and Nomikou, Iris and Rohlfing, Katharina J. and Deacon, Terrence W.},
    number = {1},
    volume = {30},
    doi = {10.1080/10407413.2017.1410387},
    issn = {10407413}
}

@article{Coombes2010Large-scaleComplex,
    title = {{Large-scale neural dynamics: Simple and complex}},
    year = {2010},
    journal = {NeuroImage},
    author = {Coombes, S},
    pages = {731--739},
    volume = {52},
    url = {https://ac.els-cdn.com/S1053811910000674/1-s2.0-S1053811910000674-main.pdf?_tid=273fa9fc-fc94-11e7-a8ed-00000aacb361&acdnat=1516310070_8c3a9c8078286b2a9d28265631bff853},
    doi = {10.1016/j.neuroimage.2010.01.045}
}

@article{Earman2004LawsObjectivity,
    title = {{Laws, Symmetry and Symmetry Breaking: Invariance, Conservation Principles and Objectivity}},
    year = {2004},
    journal = {Phil. Sci.},
    author = {Earman, J.},
    pages = {1227--1241},
    volume = {71}
}

@book{Donat1988LearningResolution,
    title = {{Learning and applying generalised solutions using higher order resolution}},
    year = {1988},
    booktitle = {Lecture Notes in Computer Science (including subseries Lecture Notes in Artificial Intelligence and Lecture Notes in Bioinformatics)},
    author = {Donat, M.R. and Wallen, L.A.},
    number = {},
    volume = {310 LNCS},
    isbn = {9783540193432},
    doi = {10.1007/BFb0012822},
    issn = {16113349},
    keywords = {Explanation Based Learning, Generalisation, Higher order unification, Resolution}
}

@article{Murata2017LearningExperiment,
    title = {{Learning to Perceive the World as Probabilistic or Deterministic via Interaction with Others: A Neuro-Robotics Experiment}},
    year = {2017},
    journal = {IEEE Transactions on Neural Networks and Learning Systems},
    author = {Murata, Shingo and Yamashita, Yuichi and Arie, Hiroaki and Ogata, Tetsuya and Sugano, Shigeki and Tani, Jun},
    number = {4},
    volume = {28},
    isbn = {2162-237x},
    doi = {10.1109/TNNLS.2015.2492140},
    issn = {21622388},
    pmid = {26595928}
}

@inproceedings{Sommer2000LNCSCycle,
    title = {{LNCS 1888 - Algebraic Frames for the Perception-Action Cycle}},
    year = {2000},
    booktitle = {LNCS 1888},
    author = {Sommer, Gerald and Zeevi, Yehoshua Y},
    publisher = {Springer Verlag}
}

@article{Lee1990LocalConstraints,
    title = {{Local Symmetries and Constraints}},
    year = {1990},
    journal = {J.Math. Phys.},
    author = {Lee, J. and Wald, R.},
    number = {3},
    pages = {725--743},
    volume = {31}
}

@techreport{MielkeMathematicalEdition,
    title = {{Mathematical Physics Studies On the Geometry of Yang-Mills and Gravitational Gauge Theories Second Edition}},
    author = {Mielke, Eckehard W},
    url = {http://www.springer.com/series/6316}
}

@article{Huemer2010MathematicsPsychology,
    title = {{Mathematics, experience and laboratories: Herbart's and Brentano's role in the rise of scientific psychology}},
    year = {2010},
    journal = {History of the Human Sciences},
    author = {Huemer, Wolfgang and Landerer, Christoph},
    isbn = {0952-6951 (Print){\textbackslash}r0952-6951 (Linking)},
    doi = {10.1177/0952695110363639},
    issn = {09526951},
    pmid = {21033198},
    keywords = {Empirical psychology, Franz Brentano, History of psychology, Johann Friedrich Herbart, Phenomenology}
}

@article{Gao2011MeaningFunction,
    title = {{Meaning of the wave function}},
    year = {2011},
    journal = {International Journal of Quantum Chemistry},
    author = {Gao, Shan},
    isbn = {9781316407479},
    doi = {10.1002/qua.22972},
    issn = {00207608},
    pmid = {9909487},
    arxivId = {1001.5085},
    keywords = {continuous motion, ergodic motion of particles, field, mass and charge density, protective measurement, random discontinuous motion, wave function}
}

@book{Cohen1974MethodologicalSciences,
    title = {{Methodological and historical essays in the natural and social sciences}},
    year = {1974},
    booktitle = {Boston studies in the philosophy of science},
    author = {Cohen, R S and Wartofsky, Marx W},
    isbn = {9027703922{\textbackslash}r9027703787 (pbk.)},
    pmid = {9027703922},
    keywords = {Science History., Science Methodology., Science Philosophy.}
}

@article{Bardeen1957MicroscopicSuperconductivity,
    title = {{Microscopic Theory of Superconductivity}},
    year = {1957},
    journal = {Phys. Rev.},
    author = {Bardeen, J. and Cooper, L.N. and Schrieffer, J.R.},
    number = {1},
    pages = {162--164},
    volume = {106}
}

@inproceedings{Richardson2016ModelingCoordination,
    title = {{Modeling Embedded Interpersonal and Multiagent Coordination}},
    year = {2016},
    booktitle = {Proceedings of the 1st International Conference on Complex Information Systems},
    author = {Richardson, Michael J. and Kallen, Rachel W. and Nalepka, Patrick and Harrison, Steven J. and Lamb, Maurice and Chemero, Anthony and Saltzman, Elliot and Schmidt, R. C.},
    isbn = {978-989-758-181-6},
    doi = {10.5220/0005878101550164}
}

@article{LeeMotionAnimation,
    title = {{Motion Fields for Interactive Character Animation}},
    author = {Lee, Yongjoon and Wampler, Kevin and Bernstein, Gilbert and Popovi, Jovan and Popovi, Zoran},
    url = {http://grail.cs.washington.edu/projects/motion-fields/motion-fields.pdf}
}

@article{Lee2014MotionLocomotion,
    title = {{Motion Fields for Interactive Character Locomotion}},
    year = {2014},
    journal = {COMMUNICATIONS OF THE ACM},
    author = {Lee, Yongjoon and Wampler, Kevin and Bernstein, Gilbert and Popovi, Jovan and Popovi, Zoran},
    number = {101},
    volume = {57},
    url = {https://pdfs.semanticscholar.org/b032/ad1c860413453470eeac444548b44dee800c.pdf},
    doi = {10.1145/2602758}
}

@article{Soechting1992MovingSystems,
    title = {{Moving in three-dimensional space: Frames of reference, vectors, and coordinate systems}},
    year = {1992},
    journal = {Annu. Rev. Neurosci},
    author = {Soechting, J F and Flanders, M},
    pages = {167--191},
    volume = {15},
    url = {https://www-annualreviews-org.clsproxy.library.caltech.edu/doi/pdf/10.1146/annurev.ne.15.030192.001123}
}

@article{Davis2016Multi-scaleCoordination,
    title = {{Multi-scale interactions in interpersonal coordination}},
    year = {2016},
    journal = {Journal of Sport and Health Science},
    author = {Davis, Tehran J. and Brooks, Thomas R. and Dixon, James A.},
    number = {1},
    month = {3},
    pages = {25--34},
    volume = {5},
    publisher = {Elsevier},
    url = {https://www.sciencedirect.com/science/article/pii/S209525461600017X?via%3Dihub},
    doi = {10.1016/J.JSHS.2016.01.015},
    issn = {2095-2546}
}

@article{Davis2016Multi-scaleCoordinationb,
    title = {{Multi-scale interactions in interpersonal coordination}},
    year = {2016},
    journal = {Journal of Sport and Health Science},
    author = {Davis, Tehran J and Brooks, Thomas R and Dixon, James A},
    pages = {25--34},
    volume = {5},
    url = {http://dx.doi.org/10.1016/j.jshs.2016.01.015},
    doi = {10.1016/j.jshs.2016.01.015}
}

@article{Busa2016MultiscaleControl,
    title = {{Multiscale entropy: A tool for understanding the complexity of postural control}},
    year = {2016},
    journal = {Journal of Sport and Health Science},
    author = {Busa, Michael A and Van Emmerik, Richard E A},
    pages = {44--51},
    volume = {5},
    url = {http://dx.doi.org/10.1016/j.jshs.2016.01.018},
    doi = {10.1016/j.jshs.2016.01.018},
    keywords = {Aging, Movement disabilities, Multiscale entropy, Postural control, Sensory loss}
}

@article{Fabbri2016MultiviewCurves,
    title = {{Multiview Differential Geometry of Curves}},
    year = {2016},
    journal = {International Journal of Computer Vision},
    author = {Fabbri, Ricardo and Kimia, Benjamin B.},
    doi = {10.1007/s11263-016-0912-7},
    issn = {15731405},
    arxivId = {1604.08256},
    keywords = {Multiview stereo, Non-rigid space curves, Structure from motion, Torsion}
}

@techreport{Candes2004NearStrategies,
    title = {{Near Optimal Signal Recovery From Random Projections: Universal Encoding Strategies?}},
    year = {2004},
    author = {Candes, Emmanuel and Tao, Terence}
}

@article{Moioli2013NeuronalScenarios,
    title = {{Neuronal Assembly Dynamics in Supervised and Unsupervised Learning Scenarios}},
    year = {2013},
    journal = {Neural Computation},
    author = {Moioli, Renan C. and Husbands, Phil},
    isbn = {0899-7667},
    doi = {10.1162/NECO{\_}a{\_}00502},
    issn = {0899-7667},
    pmid = {23895050},
    arxivId = {1309.2848v1}
}

@inproceedings{Deng2013NEWOVERVIEW,
    title = {{NEW TYPES OF DEEP NEURAL NETWORK LEARNING FOR SPEECH RECOGNITION AND RELATED APPLICATIONS: AN OVERVIEW}},
    year = {2013},
    booktitle = {ICASSP-2013},
    author = {Deng, Li and Hinton, Geoffrey and Kingsbury, Brian},
    url = {https://www.microsoft.com/en-us/research/wp-content/uploads/2016/02/ICASSP-2013-DengHintonKingsbury-revised.pdf}
}

@article{Fermi1932NoTitle,
    title = {{No Title}},
    year = {1932},
    journal = {Reviews of Modern Physics},
    author = {Fermi, Enrico},
    month = {0},
    pages = {87},
    volume = {4}
}

@article{Weinberg1977NoTitle,
    title = {{No Title}},
    year = {1977},
    journal = {Proc. Am. Acad. Arts Sci.},
    author = {Weinberg, S},
    number = {4},
    month = {0},
    pages = {17},
    volume = {106}
}

@article{Schwinger1948NoTitle,
    title = {{No Title}},
    year = {1948},
    journal = {Physics Reviews},
    author = {Schwinger, Julian},
    month = {0},
    pages = {1439},
    volume = {74}
}

@article{Schwinger1962Non-AbelianInvariance.,
    title = {{Non-Abelian Gauge Fields. Relativistic invariance.}},
    year = {1962},
    journal = {Phys. Rev.},
    author = {Schwinger, J.},
    number = {1},
    pages = {324--330},
    volume = {127}
}

@article{Bohm1970OnPhysics,
    title = {{On a New Mode of Description in Physics}},
    year = {1970},
    journal = {International Journal of Theoretical Physics},
    author = {Bohm, David and Hiley, Basil J and Stuart, Allan E G},
    number = {3},
    pages = {171--183},
    volume = {3},
    url = {https://link-springer-com.clsproxy.library.caltech.edu/content/pdf/10.1007%2FBF00671000.pdf}
}

@article{DiSalle1994OnOntology,
    title = {{On Dynamics, Indiscernibility, and Spacetime Ontology}},
    year = {1994},
    journal = {British Journal for the Philosophy of Science},
    author = {DiSalle, R},
    number = {1},
    pages = {265--287},
    volume = {45}
}

@article{Gazi2013OnBehavior,
    title = {{On Lagrangian dynamics based modeling of swarm behavior}},
    year = {2013},
    journal = {Physica D},
    author = {Gazi, Veysel},
    pages = {159--175},
    volume = {260},
    url = {https://ac-els-cdn-com.clsproxy.library.caltech.edu/S0167278913001838/1-s2.0-S0167278913001838-main.pdf?_tid=288eb0dc-ef6a-11e7-b5bb-00000aab0f6c&acdnat=1514862669_43dc52482343d152919b5ee95ded3c75},
    doi = {10.1016/j.physd.2013.06.010}
}

@article{Stoffregen2001OnSenses,
    title = {{On specification and the senses}},
    year = {2001},
    journal = {Behavioral and Brain Sciences},
    author = {Stoffregen, Thomas A and Bardy, Benoit G},
    pages = {195--261},
    volume = {24},
    url = {https://www-cambridge-org.clsproxy.library.caltech.edu/core/services/aop-cambridge-core/content/view/08526E3B43412D84E879CAB1C346B63C/S0140525X01003946a.pdf/on_specification_and_the_senses.pdf},
    doi = {10.1017/S0140525X01003946}
}

@book{Ritter1996OnSearch,
    title = {{On the intuitionistic force of classical search}},
    year = {1996},
    booktitle = {Lecture Notes in Computer Science (including subseries Lecture Notes in Artificial Intelligence and Lecture Notes in Bioinformatics)},
    author = {Ritter, E. and Pym, D. and Wallen, L.},
    volume = {1071},
    isbn = {3540612084},
    doi = {10.1007/3-540-61208-4{\_}19},
    issn = {16113349}
}

@article{Ritter2000OnSearch,
    title = {{On the intuitionistic force of classical search}},
    year = {2000},
    journal = {Theoretical Computer Science},
    author = {Ritter, E. and Pym, D. and Wallen, L.},
    number = {1-2},
    volume = {232},
    issn = {03043975},
    keywords = {Classical search, Intuitionistic logic, Uniform proof, {$\lambda$}{$\mu$}-calculus}
}

@article{Snyder1995OnPsychology,
    title = {{On the quantum mechanical wave function as a link between cognition and the physical world: A role for psychology}},
    year = {1995},
    journal = {Journal of Mind and Behavior},
    author = {Snyder, Douglas M},
    isbn = {0271-0137},
    keywords = {Cognition, Methodology, Physics, Psychology, role of psychology in quantum mechanical wave func}
}

@article{Demopoulos2003OnKnowledge,
    title = {{On the Rational Reconstruction  of our Theoretical Knowledge}},
    year = {2003},
    journal = {British Journal for the Philosophy of Science},
    author = {Demopoulos, W},
    pages = {371--403},
    volume = {54},
    publisher = {British Society for the Philosophy of Science},
    isbn = {9781139001649},
    doi = {10.1017/CCOL9780521840156.012}
}

@article{Vranjes2018OnDialogue,
    title = {{On the role of gaze in the organization of turn-taking and sequence organization in interpreter-mediated dialogue}},
    year = {2018},
    journal = {Langauge and Dialogue},
    author = {Vranjes, Jelena and Br{\^{o}}ne, Geert and Feyaerts, Kurt},
    number = {3},
    pages = {439--467},
    volume = {8},
    url = {https://doi.org/10.1075/ld.00025.vra},
    doi = {10.1075/ld.00025.vra}
}

@article{JooPanoptic,
    title = {{Panoptic Studio: A Massively Multiview System for Social Motion Capture *}},
    author = {Joo, Hanbyul and Liu, Hao and Tan, Lei and Gui, Lin and Nabbe, Bart and Matthews, Iain and Kanade, Takeo and Nobuhara, Shohei and Sheikh, Yaser},
    url = {http://www.cs.cmu.edu/~hanbyulj/panoptic-studio/ICCV2015_SMC.pdf}
}

@techreport{Gibson1955ParallaxLandings,
    title = {{Parallax and Perspective during Aircraft Landings}},
    year = {1955},
    booktitle = {Source: The American Journal of Psychology},
    author = {Gibson, James J and Olum, Paul and Rosenblatt, Frank},
    number = {3},
    pages = {372--385},
    volume = {68},
    url = {https://www.jstor.org/stable/1418521?seq=1&cid=pdf-reference#references_tab_contents}
}

@article{VanRullen2017PerceptionNetworks,
    title = {{Perception science in the age of deep neural networks}},
    year = {2017},
    journal = {Frontiers in Psychology},
    author = {VanRullen, Rufin},
    number = {FEB},
    volume = {8},
    doi = {10.3389/fpsyg.2017.00142},
    issn = {16641078},
    pmid = {28210237},
    keywords = {Artificial intelligence, Deep learning, Neural networks, Neuroscience, Perception, Psychology}
}

@book{1974Perception:Gibson,
    title = {{Perception: Essays in Honor of James J. Gibson}},
    year = {1974},
    editor = {MacLeod, Robert, B and Pick, Herbert, L},
    publisher = {Cornell University Press},
    address = {Ithaca, NY}
}

@article{Holden2017Phase-FunctionedControl,
    title = {{Phase-Functioned Neural Networks for Character Control}},
    year = {2017},
    journal = {ACM Trans. Graph. Article},
    author = {Holden, Daniel},
    number = {13},
    volume = {36},
    url = {http://dx.doi.org/10.1145/3072959.3073663 https://doi.org/http://dx.doi.org/10.1145/3072959.3073663.},
    doi = {10.1145/3072959.3073663},
    keywords = {@BULLET Computing methodologies â Motion capture, Additional Key Words and Phrases, CCS Concepts, character animation, character control, deep learning, human motion, locomotion, neural networks}
}

@article{Weinberg1979PHENOMENOLOGICALLAGRANGIANS,
    title = {{PHENOMENOLOGICAL LAGRANGIANS*}},
    year = {1979},
    journal = {Physica},
    author = {Weinberg, Steven},
    pages = {327--340},
    volume = {96A},
    url = {https://ac.els-cdn.com/0378437179902231/1-s2.0-0378437179902231-main.pdf?_tid=ba387f72-e416-4c2b-ae61-47c91bb50eef&acdnat=1534464029_5e58f397411289b07cc2f02b5c4c2cd3}
}

@article{Adams2017PhysicalNovelty,
    title = {{Physical universality, state-dependent dynamical laws and open-ended novelty}},
    year = {2017},
    journal = {Entropy},
    author = {Adams, Alyssa M. and Berner, Angelica and Davies, Paul C.W. and Walker, Sara I.},
    doi = {10.3390/e19090461},
    issn = {10994300},
    keywords = {Cellular automata, Innovation, Open-ended evolution, Physical universality, Self-reference, Top-downcausation}
}

@article{Hochberg1987PiecemealObjects,
    title = {{Piecemeal Organization and Cognitive Components in Object Perception: Perceptually Coupled Responses to Moving Objects}},
    year = {1987},
    journal = {Journal of Experimental Psychology: General},
    author = {Hochberg, Julian and Peterson, Mary A.},
    number = {4},
    pages = {370--380},
    volume = {116},
    doi = {10.1037/0096-3445.116.4.370},
    issn = {00963445}
}

@article{Anderson1963PlasmonsMass,
    title = {{Plasmons, Gauge Invariance, and Mass}},
    year = {1963},
    journal = {Phys. Rev.},
    author = {Anderson, P. W.},
    number = {1},
    pages = {439--442},
    volume = {130}
}

@techreport{Long1992PrimeFigures,
    title = {{Prime time: Fatigue and set effects in the perception of reversible figures}},
    year = {1992},
    booktitle = {Perception {\&} Psychophysics},
    author = {Long, Gerald M and Toppino, Thomas C and Mondin, Gregory W},
    number = {6},
    pages = {609--616},
    volume = {52}
}

@book{AndersonJL1967PrinciplesPhysics,
    title = {{Principles of Relativity Physics}},
    year = {1967},
    author = {{Anderson J L}},
    publisher = {Academic Press},
    address = {New York}
}

@article{Hoffman2015ProbingCommentaries,
    title = {{Probing the interface theory of perception: Reply to commentaries}},
    year = {2015},
    journal = {Psychonomic Bulletin {\&} Review},
    author = {Hoffman, Donald D. and Singh, Manish and Prakash, Chetan},
    number = {6},
    pages = {1551--1576},
    volume = {22},
    url = {http://link.springer.com/10.3758/s13423-015-0931-3},
    isbn = {978-0521887380},
    doi = {10.3758/s13423-015-0931-3},
    issn = {1069-9384},
    pmid = {26384988},
    keywords = {bayesian inference and parameter, estimation, evolution, identification, perceptual categorization and, perceptual learning, spatial cognition}
}

@article{Mura2009ProjectiveUtility,
    title = {{Projective expected utility}},
    year = {2009},
    journal = {Journal of Mathematical Psychology},
    author = {Mura, Pierfrancesco La},
    pages = {408--414},
    volume = {53},
    url = {https://ac.els-cdn.com/S0022249609000212/1-s2.0-S0022249609000212-main.pdf?_tid=806ca0be-fa2a-4259-853a-29ace2d367c1&acdnat=1522448917_6d9d274e0fe8db6676b0aa30695ac62c},
    doi = {10.1016/j.jmp.2009.02.001},
    keywords = {Allais, Ellsberg, Expected utility, Paradoxes, Projective, Quantum}
}

@article{Ritter2000Proof-termsResolution,
    title = {{Proof-terms for classical and intuitionistic resolution}},
    year = {2000},
    journal = {Journal of Logic and Computation},
    author = {Ritter, E. and Pym, D. and Wallen, L.},
    number = {2},
    volume = {10},
    issn = {0955792X}
}

@book{Ritter1996Proof-termsResolution,
    title = {{Proof-terms for classical and intuitionistic resolution}},
    year = {1996},
    booktitle = {Lecture Notes in Computer Science (including subseries Lecture Notes in Artificial Intelligence and Lecture Notes in Bioinformatics)},
    author = {Ritter, E. and Pym, D. and Wallen, L.},
    volume = {1104},
    isbn = {3540615113},
    doi = {10.1007/3-540-61511-3{\_}66},
    issn = {16113349}
}

@techreport{HastingsQuantizationTorus,
    title = {{Quantization of Hall Conductance For Interacting Electrons on a Torus}},
    author = {Hastings, Matthew B and Michalakis, Spyridon},
    url = {https://authors.library.caltech.edu/55577/1/1306.1258v2.pdf},
    arxivId = {arXiv:1306.1258v2}
}

@article{Bruza2015QuantumPsychology,
    title = {{Quantum cognition: a new theoretical approach to psychology}},
    year = {2015},
    journal = {Trends in Cognitive Sciences},
    author = {Bruza, Peter D and Wang, Zheng and Busemeyer, Jerome R},
    pages = {383--393},
    volume = {19},
    url = {https://ac.els-cdn.com/S1364661315000996/1-s2.0-S1364661315000996-main.pdf?_tid=2ca9d5be-f905-4f75-b178-111ff12e9fe7&acdnat=1522447522_fbed9758b040749234b21df9eed42c75},
    doi = {10.1016/j.tics.2015.05.001},
    keywords = {Bayesian probability, complementarity, human judgment, incompatibility, quantum probability, superposition}
}

@article{Caponigro2010QuantumSpeculations,
    title = {{Quantum Entanglement: Can we "See" the implicate order? Philosophical Speculations}},
    year = {2010},
    journal = {NeuroQuantology},
    author = {Caponigro, Michele and Jiang, Xiaojiang and Prakash, Ravi and Vimal, Ram Lakhan Pandey},
    doi = {10.14704/nq.2010.8.3.296},
    issn = {13035150},
    keywords = {Chitta, EPR source, Human eyes entanglement, Implicate explicate order, Quantum entanglement}
}

@article{Wallace2010QuantumRealism,
    title = {{Quantum mechanics on spacetime I: Spacetime state realism}},
    year = {2010},
    journal = {British Journal for the Philosophy of Science},
    author = {Wallace, David and Timpson, Christopher G.},
    number = {4},
    month = {12},
    pages = {697--727},
    volume = {61},
    doi = {10.1093/bjps/axq010},
    issn = {00070882}
}

@article{AcacioDeBarros2009QuantumBrain,
    title = {{Quantum mechanics, interference, and the brain}},
    year = {2009},
    journal = {Journal of Mathematical Psychology},
    author = {Acacio De Barros, J and Suppes, Patrick},
    pages = {306--313},
    volume = {53},
    url = {www.elsevier.com/locate/jmp},
    doi = {10.1016/j.jmp.2009.03.005},
    keywords = {Classical fields, Contextuality, Interference, Oscillators, Quantum mechanics}
}

@article{Bohm1971QuantumPhysics,
    title = {{Quantum Theory as an Indication of a New Order in Physics. Part A. The Development of New Orders as Shown Through the History of Physics}},
    year = {1971},
    journal = {Foundations of Physics},
    author = {Bohm, D},
    number = {4},
    pages = {359--381},
    volume = {1},
    url = {https://docuserve.library.caltech.edu/illiad/illiad.dll?Action=10&Form=75&Value=476752}
}

@article{Bohm1971QuantumLaw,
    title = {{Quantum Theory as an Indication of a New Order in Physics. Part B. Implicate and Explicate Order in Physical Law}},
    year = {1971},
    journal = {Foundations of Physics},
    author = {Bohm, D},
    number = {2},
    pages = {139--168},
    volume = {3},
    url = {https://docuserve.library.caltech.edu/illiad/illiad.dll?Action=10&Form=75&Value=476753}
}

@article{Howard2017ReductionDebate,
    title = {{Reduction and Emergence in the Physical Physics and Condensed Matter Debate}},
    year = {2017},
    author = {Howard, Don}
}

@techreport{Rovelli1996RelationalMechanics,
    title = {{Relational Quantum Mechanics}},
    year = {1996},
    booktitle = {International Journal of Theoretical Physics},
    author = {Rovelli, Carlo},
    number = {8},
    volume = {35}
}

@article{Ward2009RepresentationAgents,
    title = {{Representation in dynamical agents}},
    year = {2009},
    journal = {Neural Networks},
    author = {Ward, Ronnie and Ward, Robert},
    pages = {258--266},
    volume = {22},
    publisher = {MIT Press},
    url = {www.elsevier.com/locate/neunet},
    doi = {10.1016/j.neunet.2009.03.002},
    keywords = {Categorical perception, Dynamics, Neural networks, Representation, Situated cognition}
}

@inproceedings{Brown1996RepresentingFramework,
    title = {{Representing unification in a logical framework}},
    year = {1996},
    booktitle = {Lecture Notes in Computer Science (including subseries Lecture Notes in Artificial Intelligence and Lecture Notes in Bioinformatics)},
    author = {Brown, Jason and Wallen, Lincoln A.},
    pages = {106--129},
    volume = {1092},
    isbn = {3540613773},
    doi = {10.1007/3-540-61377-3{\_}34},
    issn = {16113349}
}

@article{Toppino2003Reversible-figureControl,
    title = {{Reversible-figure perception: Mechanisms of intentional control}},
    year = {2003},
    journal = {Perception {\&} Psychophysics},
    author = {Toppino, T.C.},
    number = {8},
    pages = {1285--1295},
    volume = {65}
}

@article{vanFraassen2010RovellisWorld,
    title = {{Rovelli's World}},
    year = {2010},
    journal = {Foundations of Physics},
    author = {van Fraassen, Bas C.},
    number = {4},
    month = {4},
    pages = {390--417},
    volume = {40},
    doi = {10.1007/s10701-009-9326-5},
    issn = {00159018},
    keywords = {Carlo Rovelli, Einstein-Podolski-Rosen, Quantum information, Relational quantum mechanics}
}

@article{Toppino1987SelectiveChannel,
    title = {{Selective adaptation with reversible figures: Don't change that channel}},
    year = {1987},
    journal = {Perception {\&} Psychophysics},
    author = {Toppino, Thomas C. and Long, Gerald M.},
    number = {1},
    month = {1},
    pages = {37--48},
    volume = {42},
    doi = {10.3758/BF03211512},
    issn = {00315117}
}

@article{Bak1988Self-organizedCriticality,
    title = {{Self-organized criticality}},
    year = {1988},
    journal = {PHYSICAL REVIEW A},
    author = {Bak, Per and Tang, Chao and Wiesenfeld, Kurt},
    number = {1},
    pages = {364--374},
    volume = {38},
    url = {https://journals-aps-org.clsproxy.library.caltech.edu/pra/pdf/10.1103/PhysRevA.38.364}
}

@misc{Shaw1982Realism.pdf,
    title = {{Shaw1982 - Ecological psychology- The consequence of a commitment to realism.pdf}}
}

@article{Zwaan1998SituationMemory,
    title = {{Situation Models in Language Comprehension and Memory}},
    year = {1998},
    journal = {Psychological Bulletin },
    author = {Zwaan, Rolf A and Radvansky, Gabriel A},
    number = {2},
    pages = {162--185},
    volume = {123},
    publisher = {Psychological Association, Inc}
}

@article{HuyLe2012SmoothBones,
    title = {{Smooth Skinning Decomposition with Rigid Bones}},
    year = {2012},
    journal = {ACM Trans. Graph. Article},
    author = {Huy Le, Binh and Deng, Zhigang},
    number = {6},
    volume = {31},
    url = {http://doi.acm.org/10.1145/2366145.2366218. http://doi.acm.org/10.1145/2366145.2366218.},
    doi = {10.1145/2366145.2366218}
}

@article{Floridi2018SoftRegulation.,
    title = {{Soft ethics, the governance of the digital and the General Data Protection Regulation.}},
    year = {2018},
    journal = {Philosophical transactions. Series A, Mathematical, physical, and engineering sciences},
    author = {Floridi, Luciano},
    number = {2133},
    month = {10},
    pages = {20180081},
    volume = {376},
    publisher = {The Royal Society},
    url = {http://www.ncbi.nlm.nih.gov/pubmed/30322997 http://www.pubmedcentral.nih.gov/articlerender.fcgi?artid=PMC6191665},
    doi = {10.1098/rsta.2018.0081},
    issn = {1471-2962},
    pmid = {30322997},
    keywords = {General Data Protection Regulation, data governance, digital ethics, soft ethics}
}

@incollection{Pribaum1977SomeUniverse,
    title = {{Some Comments on the Nature of the Perceived Universe}},
    year = {1977},
    booktitle = {Perceiving, Acting, and Knowing: Toward an Ecological Psychology},
    author = {Pribaum, Karl H},
    editor = {Shaw, Robert and Bransford, John},
    chapter = {4},
    pages = {83--102},
    publisher = {Lawrence Erlbaum Associates},
    address = {Hillsdale, NJ}
}

@article{DiSalle1995SpacetimeGeometry,
    title = {{Spacetime Theory as Physical Geometry}},
    year = {1995},
    journal = {Erkenntnis},
    author = {DiSalle, R},
    number = {3},
    pages = {317--337},
    volume = {42},
    url = {https://about.jstor.org/terms}
}

@article{Brown1991SpontaneousTheory,
    title = {{Spontaneous breakdown of symmetry: its rediscovery and integration into field theory}},
    year = {1991},
    journal = {Historical Studies in the Physical and Biological Sciences},
    author = {Brown, Laurie M. and Cao, Tian Yu},
    pages = {211--235},
    volume = {21}
}

@article{Higgs1966SpontaneousBosons,
    title = {{Spontaneous Symmetry Breakdown without Massless Bosons}},
    year = {1966},
    journal = {Phys. Rev.},
    author = {Higgs, P.W.},
    number = {4},
    pages = {1156--1163},
    volume = {145}
}

@techreport{Candes2005StableMeasurements,
    title = {{Stable Signal Recovery from Incomplete and Inaccurate Measurements}},
    year = {2005},
    author = {Candes, Emmanuel and Romberg, Justin and Tao, Terence},
    keywords = {basis pursuit, restricted orthonormality, singular, sparsity, â 1-minimization}
}

@article{Morton1993SupervenienceTheory,
    title = {{Supervenience and Computational Explanation in Vision Theory}},
    year = {1993},
    journal = {Philosophy of Science},
    author = {Morton, Peter},
    number = {1},
    month = {11},
    pages = {86--99},
    volume = {60},
    publisher = {University of Chicago Press},
    doi = {10.1086/289719}
}

@article{1967SymmetryTheories,
    title = {{Symmetry Breaking in Non-Abelian Gauge Theories}},
    year = {1967},
    journal = {Kibble, T.W.B.},
    number = {5},
    pages = {1554--1561},
    volume = {155}
}

@article{Dumas2014TacklingApproaches,
    title = {{Tackling the social cognition paradox through multi-scale approaches}},
    year = {2014},
    journal = {Frontiers in Psychology},
    author = {Dumas, Guillaume and Kelso, J. A.Scott and Nadel, Jacqueline},
    number = {AUG},
    volume = {5},
    isbn = {1664-1078 (Electronic)},
    doi = {10.3389/fpsyg.2014.00882},
    issn = {16641078},
    pmid = {25161642}
}

@article{Costall2015TheDissidence,
    title = {{The "Textbook Gibson": The Assimilation of Dissidence}},
    year = {2015},
    journal = {HIstory of Psychology},
    author = {Costall, Alan and Morris, Paul},
    number = {1},
    pages = {1--14},
    volume = {18},
    url = {http://dx.doi.org/10.1037/a0038398},
    doi = {10.1037/a0038398}
}

@article{Linson2018TheCognition,
    title = {{The Active Inference Approach to Ecological Perception: General Information Dynamics for Natural and Artificial Embodied Cognition}},
    year = {2018},
    journal = {Frontiers in Robotics and AI},
    author = {Linson, Adam and Clark, Andy and Ramamoorthy, Subramanian and Friston, Karl},
    volume = {5},
    isbn = {2296-9144},
    doi = {10.3389/frobt.2018.00021},
    issn = {2296-9144}
}

@article{London1935TheSupraconductor,
    title = {{The Electromagnetic Equations of the Supraconductor}},
    year = {1935},
    journal = {Proc. Roy. Soc. A},
    author = {London, F. and London, H.},
    number = {866},
    pages = {71--88},
    volume = {149}
}

@article{Mainzer2005TheCognition,
    title = {{The embodied mind - On computational, evolutionary, and philosophical interpretations of cognition}},
    year = {2005},
    journal = {Synthesis Philosophica},
    author = {Mainzer, K},
    isbn = {0352-7875},
    issn = {03527875}
}

@article{Turvey1985TheRealism,
    title = {{The Equation of Information and Meaning from the Perspectives of Situation Semantics and Gibson's Ecological Realism}},
    year = {1985},
    journal = {Linguistics and Philosophy},
    author = {Turvey, Michael T and Carello, Claudia},
    pages = {81--90},
    volume = {8},
    url = {https://docuserve.library.caltech.edu/illiad/illiad.dll?Action=10&Form=75&Value=475312}
}

@article{Kroll2018TheInscrutability.,
    title = {{The fallacy of inscrutability.}},
    year = {2018},
    journal = {Philosophical transactions. Series A, Mathematical, physical, and engineering sciences},
    author = {Kroll, Joshua A},
    number = {2133},
    month = {10},
    pages = {20180084},
    volume = {376},
    publisher = {The Royal Society},
    url = {http://www.ncbi.nlm.nih.gov/pubmed/30322999 http://www.pubmedcentral.nih.gov/articlerender.fcgi?artid=PMC6191668},
    doi = {10.1098/rsta.2018.0084},
    issn = {1471-2962},
    pmid = {30322999},
    keywords = {accountability, artificial intelligence, governance, machine learning}
}

@article{Maudlin2011TheSpace-Time,
    title = {{The Geometry of Space-Time}},
    year = {2011},
    journal = {Aristotelian Society, New Series},
    author = {Maudlin, Tim and Dorr, Cian},
    pages = {135--159},
    volume = {111},
    url = {https://about.jstor.org/terms},
    isbn = {201923:48:23}
}

@unpublished{Bundy2019TheGroup,
    title = {{The History of the DReaM Group}},
    year = {2019},
    author = {Bundy, Alan},
    volume = {1}
}

@article{Dumas2014TheInteraction,
    title = {{The human dynamic clamp as a paradigm for social interaction}},
    year = {2014},
    journal = {PNAS},
    author = {Dumas, Guillaume and de Guzman, Gonzalo C and Tognoli, Emmanuelle and Scott Kelso, J A and Michael Posner, by I},
    url = {http://www.pnas.org/content/111/35/E3726.full.pdf},
    doi = {10.1073/pnas.1407486111}
}

@article{2017TheInside,
    title = {{The Korn Ferry Digital Sustainability Index 2017 What â s Inside}},
    year = {2017}
}

@article{Kornmeier2005TheProcessing,
    title = {{The Necker cube - An ambiguous figure disambiguated in early visual processing}},
    year = {2005},
    journal = {Vision Research},
    author = {Kornmeier, JÃ¼rgen and Bach, Michael},
    number = {8},
    pages = {955--960},
    volume = {45},
    publisher = {Elsevier Ltd},
    doi = {10.1016/j.visres.2004.10.006},
    issn = {00426989},
    keywords = {Ambiguous figures, EEG, ERP, Event related potentials, Necker cube, Perceptual ambiguity}
}

@article{Helmhotz1876TheAxioms,
    title = {{The Origin and Meaning of Geometrical Axioms}},
    year = {1876},
    journal = {Mind},
    author = {Helmhotz, H.},
    number = {10},
    month = {1},
    pages = {301--321},
    volume = {1},
    publisher = {Oxford University Press (OUP)},
    doi = {10.1093/mind/os-3.10.212}
}

@article{Khrennikov2017TheRelativity,
    title = {{The Present Situation in Quantum Theory and its Merging with General Relativity}},
    year = {2017},
    journal = {Foundations of Physics},
    author = {Khrennikov, Andrei},
    doi = {10.1007/s10701-017-0089-0},
    issn = {15729516},
    arxivId = {1704.04679},
    keywords = {Emergent theory, Infinities, Measurement theory, Non-hilbertian state space formalism, Non-real numbers in physics, Quantum field theory, Quantum gravity, Quantum mechanics, Quantum theory}
}

@article{dEspagnat1979TheReality,
    title = {{The Quantum Theory and Reality}},
    year = {1979},
    journal = {Scientific American},
    author = {d'Espagnat, Bernard},
    number = {November},
    pages = {158--181},
    doi = {10.1038/scientificamerican1179-158}
}

@article{Laughlin2000TheEverything,
    title = {{The Theory of Everything}},
    year = {2000},
    journal = {Proc. Nat. Acad. Sci.},
    author = {Laughlin, R B and Pines, David},
    pages = {28--31},
    volume = {97},
    url = {http://www.pnas.org.clsproxy.library.caltech.edu/content/97/1/28.full.pdf}
}

@inproceedings{Rynasiewicz1986TheTime,
    title = {{The Universality of Laws in Space and Time}},
    year = {1986},
    booktitle = {Proceedings of the Biennial Meeting of the Philosophy of Science Association},
    author = {Rynasiewicz, Robert},
    pages = {66--75},
    volume = {1},
    publisher = {University of Chicago Press and Philosophy of Science Association},
    url = {https://www-jstor-org.clsproxy.library.caltech.edu/stable/pdf/193108.pdf?refreqid=search%3A5bee6fa5a3eaf744acaccde4598c2061}
}

@article{Bardeen1957TheorySuperconductivity,
    title = {{Theory of Superconductivity}},
    year = {1957},
    journal = {Phys. Rev.},
    author = {Bardeen, J. and Cooper, L.N. and Schrieffer, J.R.},
    number = {5},
    pages = {1175--1204},
    volume = {108}
}

@article{Toppino2015TimeFigure,
    title = {{Time for a change: What dominance durations reveal about adaptation effects in the perception of a bi-stable reversible figure}},
    year = {2015},
    journal = {Attention, Perception, and Psychophysics},
    author = {Toppino, Thomas C. and Long, Gerald M.},
    month = {0}
}

@article{Toppino2015TimeFigureb,
    title = {{Time for a change: What dominance durations reveal about adaptation effects in the perception of a bi-stable reversible figure}},
    year = {2015},
    journal = {Attention, Perception, and Psychophysics},
    author = {Toppino, Thomas C. and Long, Gerald M.},
    number = {3},
    month = {4},
    pages = {867--882},
    volume = {77},
    publisher = {Springer New York LLC},
    doi = {10.3758/s13414-014-0809-x},
    issn = {1943393X},
    keywords = {Adaptation and Aftereffects, Binocular vision: Rivalry/ Bistable Perception}
}

@article{Maudlin2010TimeGeometry,
    title = {{Time, Topology and Physical Geometry}},
    year = {2010},
    journal = {Aristotelian Society Supplementary Proceedings},
    author = {Maudlin, Tim and Dorr, Cian},
    pages = {63--78},
    volume = {84},
    url = {https://about.jstor.org/terms},
    doi = {10. 1111/ j. 1467-8349. 2010.}
}

@article{Zapata-Fonseca2016Time-seriesProperties,
    title = {{Time-series analysis of embodied interaction: Movement variability and complexity matching as dyadic properties}},
    year = {2016},
    journal = {Frontiers in Psychology},
    author = {Zapata-Fonseca, Leonardo and Dotov, Dobromir and Fossion, Ruben and Froese, Tom},
    number = {DEC},
    volume = {7},
    doi = {10.3389/fpsyg.2016.01940},
    issn = {16641078},
    pmid = {28018274}
}

@article{Pickering2018TowardDialogue,
    title = {{Toward a mechanistic psychology of dialogue}},
    year = {2018},
    journal = {Behavioral and Brain Sciences},
    author = {Pickering, Martin J and Garrod, Simon},
    pages = {169--226},
    volume = {27},
    url = {https://doi.org/10.1017/S0140525X04000056},
    doi = {10.1017/S0140525X04000056}
}

@techreport{ReneeJoye2017TUNINGORDER,
    title = {{TUNING THE MIND IN THE FREQUENCY DOMAIN: KARL PRIBRAM'S HOLONOMIC BRAIN THEORY AND DAVID BOHM'S IMPLICATE ORDER}},
    year = {2017},
    booktitle = {The Journal of Natural and Social Philosophy},
    author = {Ren{\'{e}}e Joye, Shelli},
    number = {2},
    volume = {13},
    url = {www.cosmosandhistory.org166}
}

@misc{Gorman2017UnderstandingSystems,
    title = {{Understanding and modeling teams as dynamical systems}},
    year = {2017},
    booktitle = {Frontiers in Psychology},
    author = {Gorman, Jamie C. and Dunbar, Terri A. and Grimm, David and Gipson, Christina L.},
    doi = {10.3389/fpsyg.2017.01053},
    issn = {16641078},
    keywords = {Communication analysis, Interpersonal coordination, Non-linear dynamics, Team cognition, Teams, Teamwork}
}

@article{Kelso2009VirtualDynamics,
    title = {{Virtual Partner Interaction (VPI): Exploring Novel Behaviors via Coordination Dynamics}},
    year = {2009},
    journal = {PLoS ONE},
    author = {Kelso, J A Scott and De Guzman, Gonzalo C and Reveley, Colin and Tognoli, Emmanuelle},
    number = {6},
    volume = {4},
    url = {http://journals.plos.org/plosone/article/file?id=10.1371/journal.pone.0005749&type=printable},
    doi = {10.1371/journal.pone.0005749}
}

@article{Sieroka2007WeylsFichte,
    title = {{Weyl's 'agens theory' of matter and the Zurich Fichte}},
    year = {2007},
    journal = {Studies in History and Philosophy of Science Part A},
    author = {Sieroka, Norman},
    number = {1},
    month = {3},
    pages = {84--107},
    volume = {38},
    doi = {10.1016/j.shpsa.2006.12.013},
    issn = {00393681},
    keywords = {Activity vs. passivity, Fritz Medicus, Hermann Weyl, Johann Gottlieb Fichte, Konstellationsforschung, Theory of matter}
}

@article{Simon1992WhatBehavior,
    title = {{What Is an Explanation of Behavior?}},
    year = {1992},
    journal = {Psychological Science},
    author = {Simon, Herbert A},
    number = {3},
    pages = {150--161},
    volume = {3}
}

@article{Guest2017WhatCode,
    title = {{What the success of brain imaging implies about the neural code}},
    year = {2017},
    journal = {eLife},
    author = {Guest, Olivia and Love, Bradley C.},
    isbn = {2050-084X (Electronic)2050-084X (Linking)},
    doi = {10.7554/eLife.21397},
    issn = {2050084X},
    pmid = {28103186}
}

@article{Raymond2018WhichAnalysis,
    title = {{Which epistemics? Whose conversation analysis?}},
    year = {2018},
    journal = {Discourse Studies},
    author = {Raymond, Geoffrey},
    isbn = {0013-936X (Print){\textbackslash}r0013-936X (Linking)},
    doi = {10.1177/1461445617734343},
    issn = {14617080},
    pmid = {21663053},
    keywords = {Background knowledge, epistemics, relative access and rights to knowledge, sequence organization, suspicion, trust}
}

@article{Dale2018HowMeaning,
    title = {{âHow do humans make sense?â multiscale dynamics and emergent meaning}},
    year = {2018},
    journal = {New Ideas in Psychology},
    author = {Dale, Rick and Kello, Christopher T.},
    doi = {10.1016/j.newideapsych.2017.09.002},
    issn = {0732118X}
}